2052 3023
677 273 1297 325 PRAEFATIO.

258 366 355 403 eundi
375 375 503 414 negata,
528 364 584 414 ipsi
599 362 654 400 fibi
670 364 806 400 eandem
823 362 954 398 dabant.
992 362 1043 403 Id,
1069 363 1112 396 ait
1124 365 1313 398 Ammianus
1329 360 1387 396 lib.
1404 359 1494 395 dioto
1509 371 1579 407 cap.
1594 370 1626 406 ς.
1649 367 1728 393 tem-

256 440 312 478 pus
329 438 525 476 opportunum
541 428 620 462 nabii
636 424 830 472 Greuthungi
845 424 902 471 (hi
921 425 992 459 sunt
1004 422 1240 459 Vestro-Gothi
1258 422 1305 457 illi
1321 422 1465 457 Viderici
1482 420 1565 469 regis
1577 419 1727 466 juvenis)

258 490 329 526 ciam
350 488 425 524 alibi
448 488 596 523 militibus
621 488 786 535 occupatis,
811 488 946 534 navigia
968 485 1048 521 ultro
1071 487 1205 533 citroque
1226 484 1387 528 difiurrere
1403 483 1497 530 fhlita
1516 480 1728 530 transtreffim

259 562 359 584 eorum
379 548 568 596 prohibentia
584 546 732 595 quiescere
746 545 964 593 prospexzffimt,
991 545 1108 580 ratibus
1127 546 1268 591 transtere
1288 544 1369 579 male
1386 546 1546 585 contextis,
1573 543 1731 588 castraque

258 611 281 645 d
296 613 467 658 Fritigerno
482 610 625 644 locavere
640 608 813 655 longifflme.
854 609 900 642 Ac
919 607 968 640 iae
986 609 1123 653 genuina
1138 606 1334 653 praevidendi
1345 606 1484 651 fhssertia
1500 614 1647 638 venturos
1663 615 1732 638 mu-

258 673 341 705 niens
358 671 455 716 casus,
482 680 518 704 ut
533 668 721 715 &imperiis
736 665 880 707 obediret,
903 665 946 704 &⁴
957 667 1076 714 regibus
1093 665 1215 701 validis
1223 667 1416 713 jungeretur,
1443 663 1580 699 incedens
1592 663 1728 712 Jegnim,

261 729 520 777 :Marcianopolim
537 725 623 762 tarde
639 726 785 773 pervenit
804 724 962 759 itineribus
978 724 1078 759 lentie.
1120 725 1205 759 Heic
1227 737 1311 760 nova
1332 725 1448 760 iterum
1470 723 1626 758 discordia
1647 724 1730 757 inter

261 789 430 823 Romanos
448 786 652 836 Gothosque,
679 799 720 822 ex
743 798 782 820 eo
798 787 886 833 quod
904 786 1008 821 Gothi
1026 796 1213 822 vetarentur
1230 797 1418 835 comparare
1435 783 1603 820 neceffaria
1620 781 1733 819 viaui-

259 850 403 884 Ventum
424 850 531 896 primo
547 848 566 883 ὲ
583 847 688 882 verbis
705 847 744 881 ad
764 847 907 890 verbera,
933 847 1009 881 hinc
1027 847 1065 882 ad
1080 847 1204 893 justum
1223 847 1392 897 proelium,
1418 844 1473 881 ubi
1492 844 1669 892 Lupicinus
1685 842 1737 876 vi—

260 909 344 950 ἂυε,
371 911 426 958 qui
444 910 627 957 Fritigerno
644 912 676 943 &
694 908 832 943 Alavivo
847 909 887 942 ad
904 909 1092 944 convivium
1109 910 1252 944 invitatis
1268 907 1392 944 infidias
1409 907 1577 942 struxerat.
1617 905 1669 938 sic
1684 902 1736 937 ho-

251 970 315 1014 stes
328 972 424 1004 armis
443 968 544 1004 induri
560 970 720 1008 Romanis,
745 966 827 1002 nullo
843 978 977 1003 vetante
997 981 1050 1016 per
1068 972 1164 1005 varia
1182 968 1414 1017 graffabantur,
1439 967 1556 1016 quibus
1575 963 1606 1000 se
1622 961 1734 1012 paullo

260 1028 330 1076 post
351 1030 485 1076 junxere
504 1027 594 1073 socii,
620 1027 719 1075 longe
737 1037 833 1061 antea
856 1027 1003 1075 suscepti,
1028 1031 1061 1063 ὃ(
1078 1028 1162 1064 circa
1178 1027 1449 1077 Hadrianopolim
1471 1025 1580 1064 locati,
1605 1021 1681 1072 quin
1698 1023 1734 1055 ὃ(

259 1088 384 1124 dudum
408 1087 428 1123 a
448 1087 680 1124 mercatoribus
700 1088 903 1128 venumdati,
929 1088 982 1124 vel
1004 1088 1126 1125 cafibus
1146 1090 1218 1125 aliis
1242 1103 1299 1140 per
1317 1089 1493 1125 Thraciam
1515 1084 1735 1132 Moefiamque

261 1149 364 1197 sparfi.
403 1153 440 1185 In
458 1153 583 1185 oriente
600 1160 668 1184 erat
681 1149 799 1185 Valens
816 1150 895 1185 dum
914 1150 984 1186 baec
999 1149 1190 1198 agebantur,
1213 1153 1303 1195 hwa-qs
1313 1153 1461 1190 πιλεμῆπις
1480 1149 1522 1183 ἰπὶ
1536 1149 1677 1188 aaran!
1692 1148 1739 1180 ’ᾗ

263 1210 388 1251 ὁποδκχές
403 1221 462 1243 ceu
478 1211 522 1242 ait
534 1211 692 1254 Eunapins
707 1209 875 1254 Excerptis
892 1210 1110 1254 Legationum
1131 1224 1164 1257 p.
1179 1224 1238 1250 21,
1264 1211 1353 1258 quod
1369 1212 1493 1258 optime
1509 1206 1606 1242 vertit
1622 1208 1738 1242 Canto-

263 1267 385 1302 clarus.-
412 1267 528 1304 Gothos
546 1265 695 1314 (Scythas
712 1267 823 1312 vocat)
836 1264 1009 1312 fiisceperat
1023 1266 1225 1313 &suscepiffi
1242 1269 1420 1316 paenitebat.
1455 1269 1594 1307 Verum,
1613 1274 1650 1297 ut
1665 1272 1740 1295 mu·

264 1327 309 1361 do
325 1326 520 1364 dicebamus,
543 1323 599 1370 ipfi
617 1324 848 1356 Romnnorum
866 1322 961 1355 duces
979 1322 1082 1358 cauffa
1099 1324 1262 1358 malorum
1279 1335 1383 1363 erant,
1404 1329 1436 1358 &
1455 1325 1477 1357 fi
1494 1326 1673 1370 Imperator
1688 1321 1739 1355 in-

264 1383 450 1432 terrogaffet
466 1396 522 1418 cur
540 1382 746 1425 rebellarent,
772 1380 946 1430 potuiffent
968 1382 1054 1417 idern
1073 1381 1260 1431 respondere
1278 1384 1366 1432 quod
1384 1383 1463 1418 olim
1483 1383 1576 1422 Bato,
1603 1382 1738 1416 Dalma—

265 1455 308 1485 ta,
324 1443 480 1478 Tiberio:
508 1455 566 1477 vos
581 1443 638 1490 ipsi
653 1445 687 1476 in
704 1440 792 1490 culpa
809 1442 887 1487 estis,
906 1444 962 1490 qui
975 1441 1022 1476 ad
1033 1444 1149 1489 vestros
1162 1456 1270 1491 greges
1288 1442 1489 1490 custodiendos
1505 1455 1562 1477 non
1578 1454 1665 1477 canes
1680 1451 1737 1489 pas

260 1506 404 1552 lioresve,
423 1504 481 1551 sed
496 1505 576 1554 lupos
594 1506 733 1539 mittitis.
772 1504 837 1537 Dio
855 1502 977 1538 Caffius
994 1503 1048 1538 lib.
1066 1517 1120 1539 tv.
1139 1503 1215 1539 fine.

314 1566 344 1615 §.
360 1573 393 1602 6.
421 1565 594 1602 Antiochia
617 1566 725 1613 itaque
750 1563 888 1612 egressus
908 1565 1029 1600 Valens
1052 1565 1372 1614 Constantinopolim
1397 1565 1489 1599 venit
1512 1564 1604 1599 Maio
1629 1563 1738 1598 mense

265 1639 402 1663 exeunte
423 1629 500 1663 anni
520 1629 603 1675 378,
630 1627 685 1661 ubi
710 1626 817 1674 paucis
841 1625 953 1660 diebus
975 1637 1116 1661 moratus
1137 1627 1288 1661 interiora
1305 1626 1462 1662 Thraciae
1485 1626 1589 1674 petiit,
1615 1628 1646 1658 &
1668 1623 1738 1671 post

265 1688 346 1724 duos
367 1689 543 1724 admodum
568 1687 687 1722 menses
712 1699 810 1735 prope
829 1688 1099 1736 Hadrianopolim
1120 1691 1240 1736 procaci
1261 1687 1393 1736 quodam
1414 1688 1511 1723 calore
1530 1687 1680 1734 perculsus
1702 1695 1737 1719 ut

266 1751 311 1784 ait
328 1753 515 1786 Ammianus
538 1748 595 1782 lib.
616 1748 671 1782 cit.
695 1759 765 1795 cap.
786 1760 841 1790 12,
869 1748 977 1782 Gothis
1000 1762 1151 1784 occurrere
1165 1749 1350 1797 festinabat,
1378 1761 1441 1783 non
1463 1748 1633 1797 expefiato
1655 1749 1739 1782 Gra-

267 1812 354 1846 tiano
375 1811 500 1859 imperii
522 1809 617 1852 socio,
643 1809 697 1857 qui
716 1807 750 1842 id
770 1821 826 1855 per
844 1809 962 1843 litteras
985 1812 1172 1858 expetierat,
1199 1816 1230 1847 &
1251 1813 1474 1860 prudentiores
1495 1811 1614 1845 ducum
1637 1806 1737 1842 suasta

267 1882 349 1905 rant.
386 1870 485 1904 Nona
504 1880 571 1904 erat
588 1870 653 1903 dies
674 1868 785 1903 menfis
805 1869 950 1916 Augusti,
977 1883 1049 1918 quae
1068 1876 1098 1906 &
1117 1874 1267 1908 exercitui
1285 1874 1440 1908 Romano
1459 1876 1490 1906 δι
1507 1871 1637 1906 Valenti
1657 1869 1737 1902 fata-

268 1932 316 1971 lis,
342 1931 396 1965 illa
414 1931 500 1965 enim
519 1933 598 1965 inter
609 1933 764 1978 gregarios
782 1934 959 1977 Imperator,
987 1942 1023 1966 ut
1043 1937 1158 1981 opinari
1178 1934 1311 1970 dabatur
1335 1935 1346 1980 (
1361 1946 1458 1982 neque
1479 1935 1558 1969 enim
1576 1931 1649 1966 vidi
1675 1942 1688 1964 e
1702 1929 1739 1974 se

269 1990 432 2040 quislquam
451 1990 511 2026 vel
529 1992 632 2038 praesto
650 1992 743 2038 fuzſje
763 1991 995 2039 adseveravit)
1014 1994 1137 2041 sagitta
1156 1995 1315 2042 perniciose
1329 1996 1451 2040 saucius
1473 1995 1548 2032 ruit,
1567 1993 1740 2040 spirituque

268 2066 340 2088 mox
357 2053 507 2097 consumto
525 2052 654 2098 dece-stit,
677 2066 732 2086 nec
749 2054 846 2099 postea
865 2064 996 2100 repertus
1017 2056 1056 2100 es}
1074 2055 1215 2103 nsquam,
1239 2058 1428 2091 Ammianus
1443 2068 1517 2103 cap.
1535 2067 1589 2103 13.
1608 2053 1663 2101 qui
1678 2063 1739 2085 nec

269 2124 352 2148 tacet
368 2112 502 2148 aliorum
524 2113 730 2147 relationem:
762 2113 931 2148 Valentem
953 2117 984 2148 in
1003 2116 1116 2163 agresti
1137 2117 1202 2152 casa
1229 2119 1302 2163 igne
1321 2117 1526 2151 consumtum
1549 2113 1621 2154 effe,
1648 2113 1738 2160 quod

269 2177 346 2210 item
370 2174 587 2222 chrysostomus
609 2174 780 2209 confirmat
800 2175 839 2209 ad
859 2177 1002 2210 Viduam
1026 2177 1207 2224 Juniorem‚
1232 2179 1281 2211 T.
1300 2190 1327 2211 1.
1351 2192 1382 2223 p.
1396 2188 1478 2224 345.
1505 2179 1538 2210 &
1560 2172 1739 2222 Jornandes

271 2249 341 2282 cap.
357 2242 413 2271 26.
436 2234 627 2281 subjungens
644 2237 739 2268 etiam
758 2249 764 2267 z
791 2236 844 2269 hoc
866 2246 996 2280 tempore
1013 2236 1233 2270 Vestro-Gothi
1248 2236 1395 2271 Thracias·
1413 2239 1608 2282 Daciamque
1625 2237 1739 2281 Ripen-

266 2294 343 2340 ftm,
366 2294 426 2340 post
443 2296 524 2327 tanti
536 2293 669 2340 gloriam
689 2295 804 2339 tropaei,
828 2303 979 2340 tanquam
995 2293 1053 2332 fhlo
1070 2294 1201 2340 genitali
1217 2297 1318 2342 potiti,
1342 2305 1490 2342 coeperunt
1507 2294 1643 2334 incolere,
1666 2293 1736 2342 qui-

273 2354 331 2389 bus
351 2353 476 2402 prorsus
495 2353 632 2387 consona
654 2355 769 2388 iterum
791 2354 1008 2403 chrysostomus
1025 2355 1187 2390 Traetatu
1201 2356 1311 2395 citato,
1339 2369 1370 2404 p.
1384 2368 1465 2404 344.
1494 2358 1506 2388 ’ὲ
1524 2357 1647 2395 amm-n
1667 2357 1738 2400 7429-

274 2432 296 2448 ιε
313 2416 394 2449 συνέζη
412 2422 446 2447 ‚zv
462 2425 525 2447 κτλ.
561 2413 652 2461 Qod
667 2424 758 2448 antea
774 2427 946 2461 nunquam,
969 2428 1046 2448 nnnc
1066 2417 1184 2455 evenit,
1207 2425 1243 2449 ur
1255 2415 1386 2451 Barbari
1400 2419 1552 2464 propriam
1567 2415 1738 2462 relinquen-

276 2485 318 2510 tes
338 2478 498 2523 regionem,
527 2475 627 2510 multa
636 2475 805 2521 stadiorum
824 2476 920 2510 millia
938 2468 1063 2523 regionis
1085 2477 1188 2524 nostrae
1207 2481 1419 2524 percurrerint,
1447 2478 1489 2517 ὠ
1506 2481 1585 2525 agris
1602 2477 1736 2521 incensis,

277 2537 429 2585 captisque
445 2537 563 2572 urbibus
579 2537 701 2571 domum
718 2537 862 2572 redeundi
877 2551 994 2573 omnem
1010 2540 1222 2586 cogitationem
1240 2539 1414 2587 abjecerint.
1450 2544 1501 2574 Ac
1517 2538 1637 2588 perinde
1652 2537 1738 2584 quasi

276 2598 394 2635 choreas
415 2599 569 2640 ducerent,
595 2613 652 2634 non
675 2600 784 2636 bellum
801 2610 954 2647 gererent,
979 2603 1026 2635 ita
1045 2602 1151 2647 nostros
1173 2615 1272 2637 omnes
1294 2601 1433 2640 irrident,
1461 2601 1502 2639 ὠ
1522 2598 1674 2648 quendam
1697 2609 1733 2630 ex

1617 2658 1732 2692 illorum

1817 279 1923 306 xxn'1
