2052 3023
669 242 1293 294 PRAEFATIO.

295 332 324 382 §.
338 333 374 369 6.
402 332 444 367 At
463 330 538 367 huic
557 332 681 368 addidit
700 332 787 368 aliud
807 331 1001 367 beneficium
1024 331 1129 367 multo
1149 331 1346 381 praestantius
1366 330 1632 379 excellentiusque
1653 336 1713 369 Sa-

245 405 333 429 cram
349 395 542 440 scripturam
562 395 596 428 in
615 393 756 441 linguam
772 391 944 428 Gothorum
963 392 1178 428 convertendo.
1221 395 1272 428 Ut
1295 395 1400 430 Gothi
1421 394 1470 429 sui
1489 391 1655 428 Christum
1678 403 1714 427 ac

247 454 396 502 mysteria
413 454 531 494 salutis,
553 467 626 502 quae
640 453 778 502 eousque
796 466 851 501 per
867 454 1030 502 eloquium
1050 453 1198 502 Episcopi
1216 453 1260 489 sui
1276 454 1406 490 auribus
1423 463 1630 503 perceperant
1645 464 1717 487 cor-

248 513 402 563 dibusque
425 513 575 561 impreffa
596 513 760 557 tenebant,
787 515 921 562 propriis
944 514 1067 562 ipfimet
1089 513 1188 548 oculis
1207 524 1448 554 contuerentur,
1475 524 1602 561 magnae
1625 510 1717 545 molis

247 573 385 622 vastique
408 573 525 608 laboris
547 585 628 621 opus
646 573 798 622 Ulphilas
817 573 1017 620 aggreditur,
1042 573 1191 620 egregiis,
1217 584 1275 606 ceu
1299 573 1451 612 diximus,
1478 569 1666 606 eruditionis
1686 572 1719 603 ὅ(

247 637 455 672 mamma-lu
476 633 616 668 subsidiis
639 634 794 671 munitus,
818 633 935 667 scilicet
959 631 1117 666 universae
1139 631 1300 678 utriusque
1325 631 1526 665 Testamenti
1548 631 1720 677 Scripturae

250 692 427 728 Canonicae
450 695 482 728 in
507 694 652 741 linguam
675 703 754 728 tunc
775 693 893 728 Gothis
915 693 1059 727 usitatam
1083 691 1335 726 transsationem.
1385 692 1610 737 Qantumvis
1632 690 1719 724 enim

251 764 315 788 non
333 752 388 788 nisi
407 754 523 801 exigua
540 753 691 788 verfionis
709 753 796 788 istius
816 765 886 801 pars
906 753 1003 788 hodie
1028 751 1168 800 superfit,
1195 764 1294 799 eaque
1312 752 1432 785 lacunis
1453 764 1516 786 non
1537 751 1607 786 unis
1628 748 1721 784 labo·

251 825 347 856 ransg,
382 814 542 861 integram
568 824 677 848 tamen
703 813 781 847 olim
807 811 958 849 exstitisse
984 815 1109 852 έξιέπιςοι
1133 811 1299 860 scriptores
1328 811 1435 845 multo
1460 809 1610 845 consensu
1633 807 1721 843 affir-

252 884 353 907 mant.
395 873 538 908 Socrates
558 873 629 910 hist.
647 873 736 908 ECCl.
755 873 812 908 lib·
825 875 882 910 [V.
902 887 929 909 C.
944 887 1003 924 33.
1029 874 1072 907 ita
1089 875 1137 907 xa)
1154 874 1197 909 πὶς
1214 876 1317 914 καιρὰς
1335 879 1367 908 εἷς
1381 871 1431 905 τίν)
1447 874 1549 905 mirsam
1564 872 1720 909 μεταέάλυν,

250 934 300 969 ηδε
314 936 446 978 effliges
462 939 594 974 μασθάιαι
608 936 641 967 πὶ
656 938 717 969 θεῖαι
733 938 806 972 λαμὰ
823 941 1005 979 mesanam.
1041 935 1242 969 Sozomenus
1261 930 1332 966 hist.
1344 932 1432 966 Eccl.
1447 932 1565 966 lib.V1.
1577 942 1669 978 037·
1682 928 1721 962 si-

253 992 394 1030 militer:
423 1004 448 1040 ’9
466 1004 499 1033 εἷς
516 997 568 1029 rba*
582 1002 675 1030 οἰκεῖα
694 998 781 1038 φεηᾶἆ
796 999 936 1039 μετὲφςριπ
954 997 998 1033 πῖς
1014 997 1080 1039 {effic
1096 998 1198 1035 βῖἔλκς.
1239 993 1450 1040 Nicephorus
1466 992 1538 1027 bist.
1555 990 1644 1026 Eccl.
1664 988 1719 1023 lib.

252 1053 309 1087 Xl.
328 1065 405 1101 Cn4-
425 1055 527 1090 diCltss
557 1063 582 1100 25*
597 1059 645 1092 τὰς
663 1055 737 1090 Sr-iu
753 1058 855 1097 καφὲς
872 1060 1040 1099 μεπιῴςάας
1055 1059 1142 1091 αότοῖς
1158 1055 1351 1097 παρθιδῖἓωκει,
1377 1056 1410 1087 ὅ(
1428 1051 1630 1087 Caffiodorus
1647 1048 1720 1084 hist.

254 1112 354 1163 Trip.
377 1115 433 1150 lib.
444 1117 536 1151 V111.
557 1127 586 1150 c.
605 1128 657 1162 ¹3·
685 1115 729 1155 όν·
745 1115 912 1163 scripturas
934 1115 1063 1152 divinas
1084 1117 1117 1149 in
1138 1127 1208 1149 eam
1233 1114 1458 1160 (Gothicam)
1484 1114 1640 1148 convertit
1661 1109 1721 1144 lin-

249 1185 360 1219 guam.
393 1174 511 1222 al'iique
533 1174 633 1221 longo
655 1174 769 1208 ordine
791 1174 935 1221 plurimi.
980 1176 1049 1208 Tot
1073 1184 1180 1209 autem
1205 1174 1330 1209 testibus
1351 1174 1383 1208 in
1403 1173 1516 1208 eadem
1535 1185 1570 1207 re
1591 1170 1722 1206 consen-

257 1235 408 1269 tientibus
426 1235 493 1281 quis
510 1233 607 1268 fidem
626 1233 783 1280 derogare
802 1232 964 1268 sustinebit
978 1234 991 1267 ?
1021 1234 1118 1268 Circa
1130 1234 1347 1280 Ulphilanam
1366 1235 1448 1269 hanc
1463 1234 1494 1267 S.
1505 1233 1637 1268 Codicis
1653 1243 1723 1266 ver-

259 1294 378 1330 sionem
398 1293 504 1327 multa
523 1293 607 1340 apud
625 1292 774 1326 auctores
791 1303 964 1326 occurrunt
981 1293 1187 1326 vehementer
1205 1292 1373 1339 disputata,
1399 1305 1471 1340 quae
1487 1302 1595 1327 tamen
1612 1291 1661 1326 vel
1676 1291 1724 1326 fa-

257 1354 315 1390 cile
330 1351 540 1387 conciliantur
554 1350 607 1384 vel
625 1351 691 1384 cito
706 1349 911 1393 evanescunt,
936 1350 956 1385 si
976 1352 1041 1385 duo
1059 1350 1169 1385 saltem
1187 1361 1277 1385 certo
1295 1350 1485 1386 statuantur.
1525 1352 1633 1392 Prius,
1655 1363 1725 1387 ver-

260 1411 378 1446 fionem
400 1410 519 1445 fastam
539 1407 629 1444 fuiffe
653 1421 718 1443 non
735 1409 865 1444 aliunde
881 1423 977 1458 quam
997 1423 1036 1445 ex
1055 1412 1237 1445 authentica
1253 1412 1381 1452 Graeca,
1409 1412 1528 1446 Latino
1548 1422 1655 1446 tamen
1676 1412 1726 1446 in-

259 1482 408 1520 terprete,
428 1471 483 1519 qui
499 1470 552 1505 ille
568 1482 693 1519 cunque
711 1468 820 1512 fuerit,
844 1484 908 1506 non
926 1471 1115 1507 inconsulto.
1141 1473 1226 1508 Vide
1246 1471 1337 1520 supra
1352 1475 1434 1508 c.11.
1448 1473 1476 1514 §.
1489 1487 1523 1510 2.
1540 1472 1623 1522 seqq,
1662 1475 1727 1508 Po-

258 1532 380 1573 sterius,
397 1531 571 1566 verfionem
591 1532 674 1566 hanc
690 1529 806 1566 fastam
825 1543 891 1567 non
911 1533 942 1567 in
961 1532 1055 1568 aliam
1074 1532 1236 1581 linguam,
1253 1546 1349 1581 quam
1367 1534 1584 1584 qua,Ulphila
1599 1535 1728 1569 vivente

259 1603 355 1642 atque
372 1605 426 1627 eos
443 1593 590 1633 docente,
614 1590 789 1627 utebantur
806 1593 922 1633 Gothi,
945 1605 1084 1642 quorum
1101 1592 1268 1642 episcopus
1283 1604 1372 1636 erat3
1400 1606 1474 1628 nam
1494 1593 1684 1642 praecipuus,
1705 1592 1728 1627 si

263 1666 326 1689 non
351 1653 464 1689 unicus
484 1651 636 1687 versionis
657 1652 750 1698 hujus
768 1651 841 1687 finis
859 1665 894 1688 ac
913 1654 1023 1702 scopus
1041 1664 1120 1695 erat,
1146 1653 1296 1690 Ecclefiae
1314 1653 1376 1689 suae
1396 1654 1521 1702 plenior
1540 1654 1730 1690 informatio

262 1719 295 1751 &
312 1717 344 1750 in
361 1714 506 1750 doc‘hina
523 1714 628 1748 filutis
649 1712 865 1755 confirmatio,
891 1727 985 1763 quem
1005 1714 1102 1750 finem
1124 1713 1272 1764 profecto
1291 1727 1356 1750 non
1375 1714 1556 1751 intendisset
1573 1728 1630 1751 nec
1646 1715 1731 1750 obti-

263 1774 390 1819 riuiffet,
416 1774 436 1810 fi
455 1776 586 1810 Sacrum
605 1773 760 1808 Codicem
779 1775 810 1808 in
829 1774 940 1815 aliam,
965 1787 1063 1824 quam
1083 1787 1155 1823 quae
1171 1774 1318 1810 Ecclefiae
1338 1785 1408 1810 tum
1424 1786 1492 1811 erat
1507 1775 1676 1811 domestica
1696 1779 1730 1810 &

264 1836 439 1878 familiaris,
464 1835 622 1870 vertendo
645 1832 857 1871 transfiidiffet
880 1835 1036 1883 linguam.
1087 1837 1170 1871 Haec
1190 1836 1376 1871 Gothorum
1397 1836 1530 1871 istorum
1550 1837 1670 1884 lingua,
1696 1836 1729 1872 in

266 1908 362 1945 quam
379 1895 515 1930 dicimus
527 1893 738 1942 Ulphilanam
758 1894 936 1930 versionem
953 1893 1041 1930 fuiffe
1059 1893 1191 1934 fastam,
1212 1893 1253 1930 ab
1269 1894 1411 1939 ejusdem
1428 1896 1582 1943 temporis
1593 1895 1731 1930 Theoti-

269 1957 329 1995 sca,
350 1954 400 1988 seu
419 1954 600 1988 Germaniae
617 1952 730 1988 incolis
749 1963 827 1989 tunc
846 1953 969 1997 usitata,
992 1966 1058 1988 non
1076 1953 1132 1988 nifi
1152 1953 1292 1989 dialeeco
1309 1954 1463 1997 distabat3
1488 1955 1571 1990 unde
1589 1968 1651 1990 non
1670 1956 1731 1990 rni-

267 2028 352 2055 rum,
379 2015 413 2048 in
430 2012 606 2061 Ulphilana
626 2013 866 2049 Germanismos
887 2013 947 2048 effe
964 2013 1160 2062 frequentes.
1202 2016 1247 2048 At
1263 2013 1339 2048 inde
1355 2013 1438 2049 velle
1454 2015 1645 2050 concludere
1663 2015 1733 2049 Ul-

268 2077 429 2125 philanam
449 2086 514 2108 non
534 2073 594 2109 effe
612 2075 801 2119 Gothicam,
821 2075 872 2110 sed
887 2074 1100 2110 Theotiscam
1119 2075 1418 2123 Interpretationem
1438 2074 1615 2118 confutare,
1634 2074 1734 2111 adnisi

269 2138 388 2172 fuimus
408 2136 476 2184 sup.
496 2136 593 2172 c.111.
613 2137 638 2177 ξ.
646 2148 675 2182 3.
696 2135 782 2184 seqq.
818 2136 967 2185 Denique
984 2134 1058 2171 addi
1076 2146 1249 2175 mereatur,
1268 2134 1377 2170 nesciri
1396 2147 1496 2175 nunc,
1514 2135 1614 2183 qualis
1632 2134 1736 2171 fuisset

271 2198 376 2232 seculo
400 2206 515 2244 quarto
537 2200 569 2231 ὅ(
592 2195 649 2230 sub
666 2196 817 2244 Ulphila,
843 2198 1030 2231 Gothorum
1052 2206 1139 2230 extra
1161 2196 1295 2243 patriam
1319 2194 1499 2229 viventium
1521 2194 1642 2243 lingua,
1667 2196 1737 2238 nisi,

270 2270 342 2306 quae
359 2257 524 2296 habemus,
536 2256 716 2304 fragmenta
727 2256 917 2304 Ulphilanae
929 2255 1079 2291 versionis
1095 2267 1151 2289 nos
1166 2255 1197 2289 id
1215 2253 1415 2298 docuiffent3
1433 2267 1505 2289 nam
1524 2268 1588 2290 non
1605 2257 1737 2292 indubia

273 2317 397 2368 prorsus
417 2316 486 2351 sunt
507 2330 580 2365 quae
600 2317 782 2352 referuntur
802 2318 841 2352 de
861 2317 1002 2365 reliquiis
1018 2317 1219 2356 Gothorum,
1245 2317 1300 2363 qui
1321 2314 1378 2350 sub
1397 2316 1607 2351 Tartarorum
1626 2318 1740 2352 Preco-

272 2376 415 2427 penfium
434 2376 517 2424 jugo
538 2377 633 2412 hodie
653 2388 801 2426 gemunt,
829 2378 981 2412 nimirum
1002 2377 1046 2412 eis
1067 2376 1148 2411 adeo
1171 2374 1358 2410 familiarem
1380 2372 1440 2410 effe
1461 2374 1592 2424 priscam
1611 2378 1741 2411 Gotho-

274 2449 360 2479 rum,
387 2436 427 2470 de
443 2437 554 2485 quibus
573 2448 659 2471 nunc
675 2437 814 2484 agimus,
839 2436 996 2484 linguam,
1023 2445 1059 2471 ut
1072 2435 1253 2483 Ulphilana
1268 2434 1370 2470 verfio
1386 2433 1427 2469 ab
1443 2434 1486 2468 eis
1504 2435 1628 2482 legatur
1644 2438 1676 2470 ὅ(
1693 2436 1741 2468 in-

275 2498 450 2544 telligatur.
484 2498 546 2533 Sed
563 2500 581 2533 ὲ
598 2497 796 2533 diverticulo
812 2499 844 2532 in
856 2497 938 2533 viam
957 2501 988 2533 &
1005 2497 1023 2532 ὲ
1041 2496 1183 2532 versione
1199 2495 1327 2545 ejusque
1342 2496 1454 2544 lingua
1469 2495 1508 2529 ad
1527 2494 1627 2543 ipsum
1642 2494 1742 2529 trans-

277 2557 411 2593 latorem
430 2558 604 2608 Ulphilam,
630 2559 685 2608 qui
705 2571 771 2608 quo
790 2558 892 2605 majus
913 2559 1048 2596 ecclefiae
1065 2560 1217 2594 Gothicae
1237 2557 1495 2593 emolumentum
1517 2557 1576 2590 hac
1597 2554 1740 2589 versione

1182 2620 1191 2652 i
1626 2615 1740 2647 attule-

1780 254 1912 280 xxxxii
