2052 3023
361 314 371 331 ,
643 270 1259 321 PRAEFATIO.

223 361 346 394 Utrum
364 358 382 394 ὲ
399 370 433 393 re
450 357 524 399 fint,
552 370 651 393 necne
668 371 704 393 ea
720 371 792 406 quae
804 357 883 392 Tibi
900 369 1126 408 proponuntur
1143 369 1346 407 argumenta,
1371 371 1464 407 penes
1478 361 1542 400 Te,
1565 359 1684 394 Legior

223 420 391 460 benevole,
417 419 454 453 sit
469 420 642 463 judicium.
685 421 758 452 Hoc
783 419 853 453 loco
873 431 937 453 non
958 420 1053 454 debet
1071 420 1225 468 praeteriri
1246 421 1330 467 quod
1348 433 1386 455 ex
1404 433 1500 468 opere
1517 422 1686 467 Hierony-

225 479 269 512 mi
291 479 436 519 Roman,
461 480 513 513 cui
534 478 646 512 titulus
663 477 820 517 Medinae‚
848 478 927 512 mihi
951 477 1100 526 suggessit
1119 478 1322 513 amicissimus
1341 478 1600 527 doffiffimusque
1619 482 1687 512 An-

225 538 315 573 dreas
332 538 502 573 Nori-elius
517 538 627 585 Regiae
645 539 850 574 Bibliothecae
863 539 1045 589 Upsalensis
1063 539 1245 574 Praefeeius.
1286 541 1314 573 Is
1333 539 1456 572 Audior
1472 551 1542 587 cap.
1555 541 1613 573 111.
1633 537 1687 572 ubi

225 597 264 631 de
284 597 446 647 republica
465 598 712 645 Septentrionali
730 599 811 645 agit,
837 599 928 633 suum
949 601 987 633 de
1006 599 1142 645 Ulphila
1168 597 1345 631 sermonem
1368 599 1414 631 his
1435 599 1535 633 verbis
1556 599 1688 632 conclu-

225 655 286 695 dit,
313 657 379 690 “vi
400 658 501 703 yo‘en
524 658 550 690 la
572 656 685 689 ciudad
707 655 746 688 de
763 656 872 689 Tutin
889 669 928 689 en
946 656 987 689 las
1005 655 1092 688 aldas
1111 656 1149 688 de
1169 655 1214 688 los
1235 655 1328 701 Alpes
1346 667 1406 688 une
1428 654 1586 689 breviario
1603 655 1686 689 deste

226 715 383 749 “mesmo
406 715 530 761 Obispo
552 725 613 747 con
638 713 681 746 las
705 713 837 746 mesmas
861 714 971 747 leteras
994 726 1015 745 o
1037 712 1209 746 camsteres
1231 713 1271 746 de
1294 713 1418 760 aquella
1443 725 1552 760 gente,
1579 727 1601 760 y
1623 726 1685 748 aun

227 779 349 809 “otros
366 775 463 808 libros
484 774 722 822 particulare5.’'
761 772 898 807 Utinam
917 772 1124 806 Bibliotheca:
1143 772 1367 819 pulcherrimae
1386 772 1471 807 istius
1489 775 1624 808 civitatis
1642 774 1689 807 di-

227 832 365 881 ligenter
386 843 609 869 excuterentur
629 833 746 866 horum
769 831 925 867 librorum
947 833 1049 875 causa,
1076 845 1213 882 quorum
1236 832 1287 865 hic
1307 833 1431 866 mentio
1452 831 1498 867 fit.
1544 834 1631 868 Nam
1656 835 1689 869 hi

228 893 351 927 inventi
374 905 440 927 non
463 894 633 927 minimum
655 890 779 925 sortasse
798 890 1015 927 conducerent
1031 893 1071 926 ad
1091 893 1302 927 dirimendam
1321 905 1404 933 eam,
1431 905 1504 940 quae
1520 894 1559 928 de
1577 894 1636 928 hac
1656 905 1691 927 re

227 953 309 988 inter
325 953 436 988 dmitos
454 953 577 987 tamdiu
594 953 711 992 extitit,
738 953 1000 988 controversiam.

277 1013 435 1048 EximIam
454 1013 526 1048 Viri
544 1012 802 1059 incomparabilis
822 1012 1041 1060 praefationem
1064 1012 1144 1046 mihi
1166 1011 1335 1047 transmisit
1354 1023 1444 1048 tanto
1461 1015 1553 1052 Patre
1570 1012 1689 1060 dignis-

228 1072 323 1108 fimus
343 1075 440 1108 Filius
461 1073 598 1109 Carolus
615 1073 761 1121 Jesperus
783 1073 949 1107 Benzelius
972 1073 1052 1120 Regi
1074 1073 1196 1107 Sueciae
1220 1076 1236 1107 a
1255 1075 1359 1109 Sacris
1382 1073 1575 1117 domesticis,
1600 1072 1690 1118 cujus

229 1133 424 1182 postremum
448 1145 542 1182 caput
564 1136 596 1168 in
614 1135 826 1180 Autographo
848 1134 1058 1168 desideratum
1079 1134 1193 1167 Amico
1215 1133 1272 1167 illo
1291 1133 1502 1168 eruditissimo
1523 1144 1690 1183 acceptum

229 1191 357 1226 referas.
398 1193 459 1226 Sed
478 1193 518 1226 de
538 1193 586 1225 bis
604 1191 770 1226 haetenus.

281 1250 457 1299 Reliquum
475 1251 532 1291 est,
560 1260 595 1284 ut
615 1251 692 1298 quid
714 1252 744 1284 in
767 1251 814 1284 his
832 1250 1015 1298 Evangeliis
1035 1251 1164 1286 edendis
1182 1251 1201 1285 a
1217 1263 1269 1284 me
1290 1251 1465 1299 praestitum
1486 1251 1594 1293 fuerit,
1622 1253 1694 1287 bre-

231 1311 316 1345 viter
334 1323 504 1359 exponam.
556 1310 698 1344 Gothica
722 1308 861 1343 fideliter
881 1310 1026 1357 expreffi,
1057 1309 1172 1357 quibus
1194 1323 1280 1344 nunc
1305 1312 1445 1357 primum
1468 1310 1695 1348 adscribuntur

231 1371 394 1405 Seffiones
411 1367 608 1408 canonibus,
634 1380 714 1415 quos
731 1369 893 1416 appellant
910 1370 1115 1407 Eusebianos,
1143 1370 1228 1403 haud
1247 1370 1386 1404 multum
1403 1370 1572 1406 absimiles.
1613 1374 1696 1408 Ver·

231 1431 351 1465 sionem
371 1431 401 1464 in
422 1429 500 1463 locis
520 1429 661 1476 pauculis
682 1428 818 1467 mutavi,
845 1441 909 1464 non
927 1430 1013 1477 quod
1033 1428 1083 1464 illa
1101 1428 1172 1464 falfa
1189 1428 1263 1469 fult,
1291 1428 1342 1464 sed
1361 1430 1450 1477 quod
1468 1431 1547 1466 mihi
1568 1432 1695 1480 longius

230 1493 249 1526 a
266 1501 355 1525 textu
372 1490 518 1524 recedere
535 1487 724 1532 videbatur3
751 1500 842 1524 notas
857 1503 953 1525 unam
971 1490 1023 1524 vel
1043 1490 1173 1524 alteram
1192 1488 1296 1533 omifi,
1322 1499 1359 1524 ut
1376 1493 1407 1525 ὅ(
1424 1491 1533 1527 addidi
1556 1491 1608 1528 sex
1627 1479 1710 1542 sep-⁴

231 1558 297 1583 tem
314 1550 406 1583 verba
423 1549 474 1584 seu
492 1549 657 1588 clausulas,
683 1561 753 1597 quae
769 1548 801 1582 in
819 1549 994 1597 exemplari
1011 1548 1251 1585 transcribendo
1269 1548 1334 1584 fine
1351 1548 1451 1584 dubio
1470 1553 1696 1599 praetermitte-

232 1609 359 1644 bantur.
402 1611 435 1644 Si
453 1610 471 1643 a
488 1609 640 1643 Benzelio
656 1610 687 1643 in
707 1622 739 1643 re
756 1610 859 1658 aliqua
877 1609 1037 1650 dissentio,
1062 1611 1149 1658 quod
1168 1621 1240 1643 raro
1255 1609 1433 1644 admodum
1450 1612 1578 1652 accidit,
1601 1612 1698 1647 ratio-

233 1681 286 1703 nes
307 1668 499 1703 dissentionis
523 1668 554 1702 in
581 1668 663 1702 notis
686 1668 723 1702 ad
749 1669 850 1702 imum
875 1668 999 1716 pagina:
1024 1668 1152 1714 subjeci,
1178 1680 1254 1716 quas
1275 1677 1311 1703 ut
1330 1674 1348 1704 a
1368 1668 1566 1704 Benzelianis
1587 1669 1696 1706 distin-

232 1739 420 1775 guerentur,
446 1728 535 1761 uncis
552 1728 672 1775 semper
689 1727 795 1760 curavi
812 1727 1030 1762 includenda&

281 1786 419 1822 Fortasse
435 1787 519 1821 dicet
536 1787 661 1834 aliquis,
688 1788 783 1834 idque
797 1786 868 1828 jure
884 1788 1021 1834 optimo,
1046 1785 1214 1835 quomodo
1234 1786 1331 1821 aufim
1353 1799 1415 1834 ego
1436 1787 1545 1823 sciolus
1561 1788 1608 1824 vel
1626 1802 1697 1824 mu-

233 1860 310 1888 tare,
339 1848 388 1882 vel
407 1848 569 1886 omittere,
596 1845 644 1879 vel
663 1847 753 1881 aliter
771 1847 969 1895 interpretari
986 1848 1072 1895 quod
1088 1847 1147 1880 Vir
1164 1845 1307 1880 summus
1322 1846 1433 1880 Ericus
1449 1847 1616 1882 Benzelius
1632 1847 1698 1882 ela-

234 1909 414 1943 boraverat.
452 1906 551 1946 Absit,
569 1917 603 1941 ut
620 1919 692 1941 cum
713 1918 803 1941 tanto
817 1908 896 1941 Viro
915 1920 966 1942 me
982 1919 1180 1954 comparem,
1192 1907 1274 1941 Viro
1289 1907 1377 1940 omni
1394 1907 1582 1942 Literaturae
1599 1919 1697 1955 gene-

235 1981 269 2002 re
288 1966 541 2006 instruffiffim,
569 1970 599 2001 δι
617 1967 665 2000 cui
688 1967 721 2000 in
738 1967 918 2016 Republica
938 1968 1076 2002 literaria
1094 1979 1157 2001 non
1175 1967 1338 2001 immerito
1359 1967 1471 2014 primae
1490 1968 1623 2003 concedi
1642 1967 1698 2002 de·

236 2026 324 2062 bent.
367 2026 566 2072 Arrogantiae
591 2026 688 2073 igitur
713 2026 809 2067 foret,
836 2028 936 2061 latum
960 2027 1090 2075 quidem
1119 2038 1262 2074 unguem
1286 2025 1327 2061 ab
1350 2026 1500 2075 exemplo
1523 2025 1697 2068 disceffiffe,

235 2087 289 2122 nisi
310 2086 441 2121 liberam
459 2087 541 2120 hanc
557 2086 637 2120 mihi
656 2085 842 2133 potestatem
859 2087 922 2135 ipse
939 2087 1111 2127 detulisset,
1131 2087 1185 2134 qui
1202 2087 1233 2121 in
1253 2087 1352 2120 literis
1368 2087 1408 2121 ad
1427 2099 1478 2120 me
1495 2086 1575 2120 datis
1588 2087 1701 2121 stock-

236 2146 368 2181 holmiae
386 2147 454 2180 haec
473 2143 589 2187 scribit,
614 2148 699 2179 “De
717 2144 884 2185 beneficio,
907 2146 948 2180 fic
964 2146 1051 2180 enim
1068 2146 1154 2180 ῐεᾶε
1171 2147 1365 2187 vocaverim,
1382 2145 1468 2192 quod
1487 2145 1565 2179 mihi
1583 2144 1701 2193 praesti-

238 2206 333 2240 “tisti
354 2207 385 2240 in
404 2203 597 2240 conferenda
615 2205 757 2240 versione
778 2218 847 2240 mea
866 2206 980 2239 Latina
997 2217 1070 2239 cum
1088 2215 1241 2239 contextu
1258 2206 1388 2244 Graeco,
1410 2202 1507 2244 Tibi,
1533 2205 1581 2240 vir
1595 2206 1701 2241 erudi·

238 2274 262 2290 ‘⁶
274 2265 399 2306 tissime,
415 2264 506 2300 valde
523 2266 691 2300 obstrichis
708 2265 776 2300 sum
793 2269 824 2300 δ(
842 2265 1011 2312 obligatus.
1045 2266 1107 2299 His
1124 2263 1447 2299 animadverfionibus
1463 2267 1496 2298 ὃ(
1507 2265 1700 2312 quibuscun-

238 2334 334 2374 “que
354 2325 423 2359 aliis
442 2321 461 2358 ὲ
477 2325 557 2360 Tua
578 2338 688 2365 manu,
714 2324 928 2360 lubentiffime
950 2323 1131 2372 adquiesco,
1157 2327 1188 2358 &
1205 2324 1335 2372 plenum
1351 2322 1404 2367 jus
1424 2322 1455 2357 in
1473 2323 1650 2359 versionem
1667 2328 1701 2360 ὅ(

237 2394 380 2420 “notata
402 2398 473 2420 mea
494 2386 635 2421 tribuo.”
681 2387 775 2426 Haec,
802 2387 947 2434 inquam,
973 2384 1093 2433 scripsit
1113 2382 1233 2419 Praesul
1253 2388 1265 2415 ὁ
1283 2383 1450 2424 μηρὼ-ης,
1475 2396 1548 2432 quae
1567 2386 1700 2433 quidem

239 2460 274 2482 ea
293 2447 331 2481 de
348 2446 437 2481 causa
458 2446 599 2495 proferre
621 2446 665 2481 est
683 2446 803 2486 visum,
832 2459 871 2480 ne
888 2445 1079 2493 arrogantiae
1099 2454 1210 2479 notam
1228 2443 1432 2488 sustinerem;
1457 2445 1544 2492 quod
1567 2447 1701 2486 crimen,

240 2504 360 2540 Lector
376 2505 521 2547 candide,
551 2507 569 2540 ὲ
586 2519 637 2541 me
653 2519 749 2554 quam
764 2504 944 2553 longissime
958 2503 1060 2541 abesse
1076 2504 1163 2540 volo.

1144 2623 1165 2657 k
1664 2620 1701 2652 In

1761 283 1898 306 xxxvxt
