<?xml version="1.0" encoding="UTF-8"?>
<!DOCTYPE html PUBLIC "-//W3C//DTD XHTML 1.0 Transitional//EN"
    "http://www.w3.org/TR/xhtml1/DTD/xhtml1-transitional.dtd">
<html xmlns="http://www.w3.org/1999/xhtml" xml:lang="en" lang="en">
 <head>
  <title>
</title>
<meta http-equiv="Content-Type" content="text/html;charset=utf-8" />
  <meta name='ocr-system' content='tesseract 3.04.00' />
  <meta name='ocr-capabilities' content='ocr_page ocr_carea ocr_par ocr_line ocrx_word'/>
</head>
<body>
  <div class='ocr_page' id='page_1' title='image "./sacrorumevangeli00lyee_0023.png"; bbox 0 0 2052 3023; ppageno 0'>
   <div class='ocr_carea' id='block_1_1' title="bbox 673 245 1295 295">
    <p class='ocr_par' dir='ltr' id='par_1_1' title="bbox 673 245 1295 295">
     <span class='ocr_line' id='line_1_1' title="bbox 673 245 1295 295; baseline -0.003 0"><span class='ocrx_word' id='word_1_1' title='bbox 673 245 1295 295; x_wconf 80' lang='lat' dir='ltr'><strong>PRAEFATIO.</strong></span> 
     </span>
    </p>
   </div>
   <div class='ocr_carea' id='block_1_2' title="bbox 251 331 1725 567">
    <p class='ocr_par' dir='ltr' id='par_1_2' title="bbox 251 331 1725 567">
     <span class='ocr_line' id='line_1_2' title="bbox 252 331 1722 383; baseline -0.004 -11"><span class='ocrx_word' id='word_1_2' title='bbox 252 334 455 381; x_wconf 58' lang='lat' dir='ltr'><em>neffalonica</em></span> <span class='ocrx_word' id='word_1_3' title='bbox 477 333 623 378; x_wconf 71' lang='lat' dir='ltr'><em>claufiim,</em></span> <span class='ocrx_word' id='word_1_4' title='bbox 647 336 814 383; x_wconf 79' lang='lat' dir='ltr'><em>privatum</em></span> <span class='ocrx_word' id='word_1_5' title='bbox 833 333 872 369; x_wconf 90' lang='lat' dir='ltr'><em>ab</em></span> <span class='ocrx_word' id='word_1_6' title='bbox 894 335 1019 381; x_wconf 86' lang='lat' dir='ltr'><em>imperio</em></span> <span class='ocrx_word' id='word_1_7' title='bbox 1043 335 1057 379; x_wconf 91' lang='lat'>(</span> <span class='ocrx_word' id='word_1_8' title='bbox 1067 332 1106 367; x_wconf 85' lang='lat' dir='ltr'><em>fic</em></span> <span class='ocrx_word' id='word_1_9' title='bbox 1126 331 1306 367; x_wconf 83' lang='lat' dir='ltr'><em>constanter</em></span> <span class='ocrx_word' id='word_1_10' title='bbox 1324 331 1439 375; x_wconf 89' lang='lat' dir='ltr'>MSS.)</span> <span class='ocrx_word' id='word_1_11' title='bbox 1458 331 1651 376; x_wconf 68' lang='lat' dir='ltr'><em>Constantini</em></span> <span class='ocrx_word' id='word_1_12' title='bbox 1666 333 1722 366; x_wconf 80' lang='lat' dir='ltr'><em>vi-</em></span> 
     </span>
     <span class='ocr_line' id='line_1_3' title="bbox 251 395 1725 446; baseline -0.004 -12"><span class='ocrx_word' id='word_1_13' title='bbox 251 401 335 435; x_wconf 64' lang='lat' dir='ltr'><em>erotis</em></span> <span class='ocrx_word' id='word_1_14' title='bbox 351 397 456 446; x_wconf 77' lang='lat' dir='ltr'><em>gladio</em></span> <span class='ocrx_word' id='word_1_15' title='bbox 475 396 681 437; x_wconf 83' lang='lat' dir='ltr'><em>trucidarunt,</em></span> <span class='ocrx_word' id='word_1_16' title='bbox 700 396 881 444; x_wconf 87' lang='lat' dir='ltr'><em>Jornandes</em></span> <span class='ocrx_word' id='word_1_17' title='bbox 898 395 1019 430; x_wconf 88' lang='lat' dir='ltr'><em>Geticis</em></span> <span class='ocrx_word' id='word_1_18' title='bbox 1037 407 1107 442; x_wconf 84' lang='lat' dir='ltr'><em>cap.</em></span> <span class='ocrx_word' id='word_1_19' title='bbox 1121 406 1178 430; x_wconf 87' lang='lat'><em>21.</em></span> <span class='ocrx_word' id='word_1_20' title='bbox 1217 396 1331 434; x_wconf 89' lang='lat' dir='ltr'><em>Porro,</em></span> <span class='ocrx_word' id='word_1_21' title='bbox 1353 395 1467 429; x_wconf 82' lang='lat' dir='ltr'><em>eodem</em></span> <span class='ocrx_word' id='word_1_22' title='bbox 1482 404 1640 434; x_wconf 80' lang='lat' dir='ltr'>narrante,</span> <span class='ocrx_word' id='word_1_23' title='bbox 1659 395 1725 430; x_wconf 84' lang='lat' dir='ltr'><em>Go-</em></span> 
     </span>
     <span class='ocr_line' id='line_1_4' title="bbox 251 454 1723 508; baseline -0.004 -14"><span class='ocrx_word' id='word_1_24' title='bbox 251 459 309 503; x_wconf 82' lang='lat' dir='ltr'><em>thi,</em></span> <span class='ocrx_word' id='word_1_25' title='bbox 328 459 446 508; x_wconf 85' lang='lat' dir='ltr'><em>faedere</em></span> <span class='ocrx_word' id='word_1_26' title='bbox 468 462 543 493; x_wconf 86' lang='lat' dir='ltr'><em>inito</em></span> <span class='ocrx_word' id='word_1_27' title='bbox 564 473 632 494; x_wconf 89' lang='lat' dir='ltr'><em>cum</em></span> <span class='ocrx_word' id='word_1_28' title='bbox 653 462 854 506; x_wconf 83' lang='lat' dir='ltr'><em>Imperatore,</em></span> <span class='ocrx_word' id='word_1_29' title='bbox 880 459 946 493; x_wconf 91' lang='lat' dir='ltr'><em>XL</em></span> <span class='ocrx_word' id='word_1_30' title='bbox 960 458 1085 502; x_wconf 79' lang='lat' dir='ltr'><em>suorum</em></span> <span class='ocrx_word' id='word_1_31' title='bbox 1108 454 1208 491; x_wconf 85' lang='lat' dir='ltr'><em>millia</em></span> <span class='ocrx_word' id='word_1_32' title='bbox 1231 457 1264 490; x_wconf 84' lang='lat' dir='ltr'><em>in</em></span> <span class='ocrx_word' id='word_1_33' title='bbox 1277 454 1393 501; x_wconf 75' lang='lat' dir='ltr'><em>fhlatia</em></span> <span class='ocrx_word' id='word_1_34' title='bbox 1411 463 1516 489; x_wconf 86' lang='lat' dir='ltr'><em>contra</em></span> <span class='ocrx_word' id='word_1_35' title='bbox 1531 464 1640 503; x_wconf 84' lang='lat' dir='ltr'><em>gentes</em></span> <span class='ocrx_word' id='word_1_36' title='bbox 1658 466 1723 488; x_wconf 84' lang='lat' dir='ltr'><em>va·</em></span> 
     </span>
     <span class='ocr_line' id='line_1_5' title="bbox 251 515 1724 567; baseline -0.003 -13"><span class='ocrx_word' id='word_1_37' title='bbox 251 523 313 555; x_wconf 71' lang='lat' dir='ltr'><em>rias·</em></span> <span class='ocrx_word' id='word_1_38' title='bbox 331 519 476 559; x_wconf 81' lang='lat' dir='ltr'><em>obtulere,</em></span> <span class='ocrx_word' id='word_1_39' title='bbox 502 532 629 567; x_wconf 80' lang='lat' dir='ltr'><em>quorum</em></span> <span class='ocrx_word' id='word_1_40' title='bbox 648 519 690 558; x_wconf 60' lang='grc' dir='ltr'>ό</span> <span class='ocrx_word' id='word_1_41' title='bbox 705 531 846 554; x_wconf 86' lang='lat' dir='ltr'><em>numerus</em></span> <span class='ocrx_word' id='word_1_42' title='bbox 865 517 908 557; x_wconf 68' lang='grc' dir='ltr'><em>ὠ·</em></span> <span class='ocrx_word' id='word_1_43' title='bbox 922 518 1039 554; x_wconf 86' lang='lat' dir='ltr'><em>militia</em></span> <span class='ocrx_word' id='word_1_44' title='bbox 1057 519 1148 566; x_wconf 83' lang='lat' dir='ltr'><em>usque</em></span> <span class='ocrx_word' id='word_1_45' title='bbox 1164 520 1207 554; x_wconf 86' lang='lat' dir='ltr'><em>ad</em></span> <span class='ocrx_word' id='word_1_46' title='bbox 1222 517 1350 566; x_wconf 83' lang='lat' dir='ltr'><em>praesens</em></span> <span class='ocrx_word' id='word_1_47' title='bbox 1366 518 1399 550; x_wconf 90' lang='lat' dir='ltr'><em>in</em></span> <span class='ocrx_word' id='word_1_48' title='bbox 1415 515 1568 563; x_wconf 79' lang='lat' dir='ltr'><em>republica</em></span> <span class='ocrx_word' id='word_1_49' title='bbox 1585 516 1724 550; x_wconf 83' lang='lat' dir='ltr'><em>nomina-</em></span> 
     </span>
    </p>
   </div>
   <div class='ocr_carea' id='block_1_3' title="bbox 253 575 1726 687">
    <p class='ocr_par' dir='ltr' id='par_1_3' title="bbox 253 575 1726 687">
     <span class='ocr_line' id='line_1_6' title="bbox 253 575 1726 627; baseline -0.003 -13"><span class='ocrx_word' id='word_1_50' title='bbox 253 590 313 620; x_wconf 86' lang='lat' dir='ltr'><em>tur,</em></span> <span class='ocrx_word' id='word_1_51' title='bbox 341 579 377 614; x_wconf 89' lang='lat' dir='ltr'><em>id</em></span> <span class='ocrx_word' id='word_1_52' title='bbox 394 581 433 627; x_wconf 76' lang='lat' dir='ltr'><em>est</em></span> <span class='ocrx_word' id='word_1_53' title='bbox 449 579 612 616; x_wconf 80' lang='lat' dir='ltr'><em>Faetlerati.</em></span> <span class='ocrx_word' id='word_1_54' title='bbox 654 579 741 615; x_wconf 89' lang='lat' dir='ltr'><em>Tunc</em></span> <span class='ocrx_word' id='word_1_55' title='bbox 764 582 877 616; x_wconf 84' lang='lat' dir='ltr'><em>etenim</em></span> <span class='ocrx_word' id='word_1_56' title='bbox 894 579 949 623; x_wconf 80' lang='lat' dir='ltr'><em>[ub</em></span> <span class='ocrx_word' id='word_1_57' title='bbox 966 582 1102 615; x_wconf 81' lang='lat' dir='ltr'><em>Ariarici</em></span> <span class='ocrx_word' id='word_1_58' title='bbox 1124 580 1168 618; x_wconf 65' lang='lat'><em>&amp;⁶</em></span> <span class='ocrx_word' id='word_1_59' title='bbox 1183 581 1292 614; x_wconf 78' lang='lat' dir='ltr'><em>Aorici</em></span> <span class='ocrx_word' id='word_1_60' title='bbox 1311 590 1416 625; x_wconf 89' lang='lat' dir='ltr'><em>regum</em></span> <span class='ocrx_word' id='word_1_61' title='bbox 1430 577 1556 621; x_wconf 85' lang='lat' dir='ltr'><em>suorum</em></span> <span class='ocrx_word' id='word_1_62' title='bbox 1571 575 1726 624; x_wconf 77' lang='lat' dir='ltr'><em>florebant</em></span> 
     </span>
     <span class='ocr_line' id='line_1_7' title="bbox 254 635 1726 687; baseline -0.005 -12"><span class='ocrx_word' id='word_1_63' title='bbox 254 643 389 687; x_wconf 81' lang='lat' dir='ltr'><em>imperio.</em></span> <span class='ocrx_word' id='word_1_64' title='bbox 430 641 492 675; x_wconf 89' lang='lat' dir='ltr'><em>His</em></span> <span class='ocrx_word' id='word_1_65' title='bbox 513 640 725 674; x_wconf 86' lang='lat' dir='ltr'><em>Constantino</em></span> <span class='ocrx_word' id='word_1_66' title='bbox 745 639 910 674; x_wconf 80' lang='lat' dir='ltr'><em>foederatis</em></span> <span class='ocrx_word' id='word_1_67' title='bbox 931 639 1058 673; x_wconf 91' lang='lat' dir='ltr'><em>oriundi</em></span> <span class='ocrx_word' id='word_1_68' title='bbox 1079 639 1229 673; x_wconf 85' lang='lat' dir='ltr'><em>videntur</em></span> <span class='ocrx_word' id='word_1_69' title='bbox 1248 637 1309 677; x_wconf 86' lang='lat' dir='ltr'><em>illi,</em></span> <span class='ocrx_word' id='word_1_70' title='bbox 1334 635 1449 682; x_wconf 86' lang='lat' dir='ltr'><em>quibus</em></span> <span class='ocrx_word' id='word_1_71' title='bbox 1469 646 1625 684; x_wconf 85' lang='lat' dir='ltr'><em>praeerant</em></span> <span class='ocrx_word' id='word_1_72' title='bbox 1645 636 1726 668; x_wconf 88' lang='lat' dir='ltr'><em>Sue-</em></span> 
     </span>
    </p>
   </div>
   <div class='ocr_carea' id='block_1_4' title="bbox 253 693 1738 2083">
    <p class='ocr_par' dir='ltr' id='par_1_4' title="bbox 253 693 1738 2083">
     <span class='ocr_line' id='line_1_8' title="bbox 253 693 1725 747; baseline -0.004 -12"><span class='ocrx_word' id='word_1_73' title='bbox 253 702 340 736; x_wconf 86' lang='lat' dir='ltr'><em>ridus</em></span> <span class='ocrx_word' id='word_1_74' title='bbox 358 705 390 736; x_wconf 90' lang='lat'>&amp;</span> <span class='ocrx_word' id='word_1_75' title='bbox 402 701 524 743; x_wconf 86' lang='lat' dir='ltr'>Colias,</span> <span class='ocrx_word' id='word_1_76' title='bbox 546 700 733 735; x_wconf 87' lang='lat' dir='ltr'>Gothorum</span> <span class='ocrx_word' id='word_1_77' title='bbox 753 701 938 747; x_wconf 87' lang='lat' dir='ltr'><em>optimates,</em></span> <span class='ocrx_word' id='word_1_78' title='bbox 964 698 1084 747; x_wconf 88' lang='lat' dir='ltr'><em>quique</em></span> <span class='ocrx_word' id='word_1_79' title='bbox 1102 699 1287 746; x_wconf 84' lang='lat' dir='ltr'><em>Fritigerno</em></span> <span class='ocrx_word' id='word_1_80' title='bbox 1304 695 1527 742; x_wconf 68' lang='lat' dir='ltr'><em>sejunxerunt</em></span> <span class='ocrx_word' id='word_1_81' title='bbox 1543 707 1628 731; x_wconf 86' lang='lat' dir='ltr'><em>anno</em></span> <span class='ocrx_word' id='word_1_82' title='bbox 1640 693 1725 743; x_wconf 85' lang='lat'><em>376,</em></span> 
     </span>
     <span class='ocr_line' id='line_1_9' title="bbox 253 752 1726 808; baseline -0.005 -12"><span class='ocrx_word' id='word_1_83' title='bbox 253 774 310 796; x_wconf 88' lang='lat' dir='ltr'><em>ceu</em></span> <span class='ocrx_word' id='word_1_84' title='bbox 331 761 428 796; x_wconf 82' lang='lat' dir='ltr'><em>fufius</em></span> <span class='ocrx_word' id='word_1_85' title='bbox 448 770 554 795; x_wconf 89' lang='lat' dir='ltr'><em>narrat</em></span> <span class='ocrx_word' id='word_1_86' title='bbox 571 762 775 800; x_wconf 81' lang='lat' dir='ltr'><em>Ammianus,</em></span> <span class='ocrx_word' id='word_1_87' title='bbox 802 772 897 808; x_wconf 89' lang='lat' dir='ltr'><em>quern</em></span> <span class='ocrx_word' id='word_1_88' title='bbox 916 758 1027 794; x_wconf 86' lang='lat' dir='ltr'><em>confer</em></span> <span class='ocrx_word' id='word_1_89' title='bbox 1043 758 1101 794; x_wconf 88' lang='lat' dir='ltr'><em>lib.</em></span> <span class='ocrx_word' id='word_1_90' title='bbox 1115 771 1204 794; x_wconf 86' lang='lat' dir='ltr'>xxx.</span> <span class='ocrx_word' id='word_1_91' title='bbox 1225 771 1296 807; x_wconf 84' lang='lat' dir='ltr'><em>cap.</em></span> <span class='ocrx_word' id='word_1_92' title='bbox 1311 758 1346 793; x_wconf 88' lang='lat'><em>6.</em></span> <span class='ocrx_word' id='word_1_93' title='bbox 1387 758 1462 791; x_wconf 90' lang='lat' dir='ltr'><em>Hoc</em></span> <span class='ocrx_word' id='word_1_94' title='bbox 1478 767 1515 791; x_wconf 94' lang='lat' dir='ltr'><em>ut</em></span> <span class='ocrx_word' id='word_1_95' title='bbox 1531 756 1660 791; x_wconf 84' lang='lat' dir='ltr'><em>credatu</em></span> <span class='ocrx_word' id='word_1_96' title='bbox 1679 752 1726 789; x_wconf 69' lang='lat' dir='ltr'><em>fia·</em></span> 
     </span>
     <span class='ocr_line' id='line_1_10' title="bbox 254 817 1728 870; baseline -0.005 -13"><span class='ocrx_word' id='word_1_97' title='bbox 254 823 344 857; x_wconf 86' lang='lat' dir='ltr'><em>ciunt</em></span> <span class='ocrx_word' id='word_1_98' title='bbox 360 821 455 857; x_wconf 85' lang='lat' dir='ltr'><em>verba</em></span> <span class='ocrx_word' id='word_1_99' title='bbox 475 821 565 867; x_wconf 85' lang='lat' dir='ltr'><em>ejus:</em></span> <span class='ocrx_word' id='word_1_100' title='bbox 592 835 663 857; x_wconf 80' lang='lat' dir='ltr'><em>eum</em></span> <span class='ocrx_word' id='word_1_101' title='bbox 681 820 794 870; x_wconf 81' lang='lat' dir='ltr'><em>populis</em></span> <span class='ocrx_word' id='word_1_102' title='bbox 807 823 873 867; x_wconf 65' lang='lat' dir='ltr'><em>ficis</em></span> <span class='ocrx_word' id='word_1_103' title='bbox 895 820 980 870; x_wconf 89' lang='lat' dir='ltr'><em>longe</em></span> <span class='ocrx_word' id='word_1_104' title='bbox 999 831 1071 857; x_wconf 84' lang='lat' dir='ltr'><em>ante</em></span> <span class='ocrx_word' id='word_1_105' title='bbox 1082 820 1229 869; x_wconf 76' lang='lat' dir='ltr'><em>susoepti.</em></span> <span class='ocrx_word' id='word_1_106' title='bbox 1271 820 1332 854; x_wconf 84' lang='lat' dir='ltr'><em>Sed</em></span> <span class='ocrx_word' id='word_1_107' title='bbox 1352 828 1388 854; x_wconf 91' lang='lat' dir='ltr'><em>ut</em></span> <span class='ocrx_word' id='word_1_108' title='bbox 1406 819 1444 853; x_wconf 90' lang='lat' dir='ltr'><em>ad</em></span> <span class='ocrx_word' id='word_1_109' title='bbox 1456 817 1656 866; x_wconf 84' lang='lat' dir='ltr'><em>Jornandetn</em></span> <span class='ocrx_word' id='word_1_110' title='bbox 1676 827 1728 849; x_wconf 86' lang='lat' dir='ltr'><em>re-</em></span> 
     </span>
     <span class='ocr_line' id='line_1_11' title="bbox 254 879 1726 924; baseline -0.005 -7"><span class='ocrx_word' id='word_1_111' title='bbox 254 894 372 924; x_wconf 84' lang='lat' dir='ltr'><em>vertar,</em></span> <span class='ocrx_word' id='word_1_112' title='bbox 402 885 521 918; x_wconf 85' lang='lat' dir='ltr'><em>mirum</em></span> <span class='ocrx_word' id='word_1_113' title='bbox 544 882 601 923; x_wconf 92' lang='lat' dir='ltr'><em>est,</em></span> <span class='ocrx_word' id='word_1_114' title='bbox 627 896 702 918; x_wconf 89' lang='lat' dir='ltr'><em>eum</em></span> <span class='ocrx_word' id='word_1_115' title='bbox 725 896 793 919; x_wconf 91' lang='lat' dir='ltr'><em>non</em></span> <span class='ocrx_word' id='word_1_116' title='bbox 815 882 994 917; x_wconf 79' lang='lat' dir='ltr'><em>meminiffe</em></span> <span class='ocrx_word' id='word_1_117' title='bbox 1017 882 1160 918; x_wconf 67' lang='lat' dir='ltr'><em>vistoriae</em></span> <span class='ocrx_word' id='word_1_118' title='bbox 1184 883 1215 916; x_wconf 91' lang='lat' dir='ltr'><em>in</em></span> <span class='ocrx_word' id='word_1_119' title='bbox 1240 893 1294 916; x_wconf 89' lang='lat' dir='ltr'><em>eos</em></span> <span class='ocrx_word' id='word_1_120' title='bbox 1319 879 1603 920; x_wconf 79' lang='lat' dir='ltr'><em>constantinianae,</em></span> <span class='ocrx_word' id='word_1_121' title='bbox 1629 887 1726 924; x_wconf 86' lang='lat' dir='ltr'><em>quam</em></span> 
     </span>
     <span class='ocr_line' id='line_1_12' title="bbox 254 937 1728 994; baseline -0.004 -17"><span class='ocrx_word' id='word_1_122' title='bbox 254 955 318 978; x_wconf 90' lang='lat' dir='ltr'><em>non</em></span> <span class='ocrx_word' id='word_1_123' title='bbox 339 955 445 979; x_wconf 86' lang='lat' dir='ltr'><em>tacent</em></span> <span class='ocrx_word' id='word_1_124' title='bbox 463 954 608 980; x_wconf 84' lang='lat' dir='ltr'><em>veteres:</em></span> <span class='ocrx_word' id='word_1_125' title='bbox 639 947 833 994; x_wconf 88' lang='lat' dir='ltr'><em>Anonymus</em></span> <span class='ocrx_word' id='word_1_126' title='bbox 847 945 1015 993; x_wconf 85' lang='lat' dir='ltr'><em>Excerptis</em></span> <span class='ocrx_word' id='word_1_127' title='bbox 1032 945 1073 979; x_wconf 86' lang='lat' dir='ltr'><em>ab</em></span> <span class='ocrx_word' id='word_1_128' title='bbox 1087 947 1185 979; x_wconf 89' lang='lat' dir='ltr'><em>Henr.</em></span> <span class='ocrx_word' id='word_1_129' title='bbox 1201 944 1315 988; x_wconf 81' lang='lat' dir='ltr'><em>Valesio</em></span> <span class='ocrx_word' id='word_1_130' title='bbox 1332 941 1446 977; x_wconf 88' lang='lat' dir='ltr'><em>editis:</em></span> <span class='ocrx_word' id='word_1_131' title='bbox 1473 939 1582 976; x_wconf 87' lang='lat' dir='ltr'><em>deinde</em></span> <span class='ocrx_word' id='word_1_132' title='bbox 1602 937 1728 984; x_wconf 83' lang='lat' dir='ltr'><em>(condi-</em></span> 
     </span>
     <span class='ocr_line' id='line_1_13' title="bbox 254 1000 1729 1054; baseline -0.004 -15"><span class='ocrx_word' id='word_1_133' title='bbox 254 1014 287 1039; x_wconf 91' lang='lat' dir='ltr'><em>ta</em></span> <span class='ocrx_word' id='word_1_134' title='bbox 305 1005 607 1054; x_wconf 87' lang='lat' dir='ltr'><em>Constantinopoli)</em></span> <span class='ocrx_word' id='word_1_135' title='bbox 632 1005 799 1050; x_wconf 76' lang='lat' dir='ltr'><em>adverficm</em></span> <span class='ocrx_word' id='word_1_136' title='bbox 820 1004 935 1041; x_wconf 81' lang='lat' dir='ltr'><em>Gothos</em></span> <span class='ocrx_word' id='word_1_137' title='bbox 956 1004 1070 1041; x_wconf 82' lang='lat' dir='ltr'><em>bellum</em></span> <span class='ocrx_word' id='word_1_138' title='bbox 1085 1006 1231 1053; x_wconf 61' lang='grc' dir='ltr'><em>[κβ-φὴ,</em></span> <span class='ocrx_word' id='word_1_139' title='bbox 1258 1004 1301 1044; x_wconf 71' lang='lat'><em>&amp;⁴</em></span> <span class='ocrx_word' id='word_1_140' title='bbox 1318 1002 1551 1051; x_wconf 79' lang='lat' dir='ltr'><em>implorantibus</em></span> <span class='ocrx_word' id='word_1_141' title='bbox 1571 1000 1729 1036; x_wconf 76' lang='lat' dir='ltr'><em>Sarmatis</em></span> 
     </span>
     <span class='ocr_line' id='line_1_14' title="bbox 254 1060 1729 1115; baseline -0.002 -15"><span class='ocrx_word' id='word_1_142' title='bbox 254 1065 406 1101; x_wconf 83' lang='lat' dir='ltr'><em>auxilium</em></span> <span class='ocrx_word' id='word_1_143' title='bbox 426 1066 511 1102; x_wconf 85' lang='lat' dir='ltr'><em>tulit.</em></span> <span class='ocrx_word' id='word_1_144' title='bbox 551 1069 606 1101; x_wconf 87' lang='lat' dir='ltr'><em>Ita</em></span> <span class='ocrx_word' id='word_1_145' title='bbox 620 1078 674 1115; x_wconf 89' lang='lat' dir='ltr'><em>per</em></span> <span class='ocrx_word' id='word_1_146' title='bbox 687 1069 920 1115; x_wconf 83' lang='lat' dir='ltr'><em>Constantinum</em></span> <span class='ocrx_word' id='word_1_147' title='bbox 935 1067 1092 1113; x_wconf 74' lang='lat' dir='ltr'><em>Cesarem</em></span> <span class='ocrx_word' id='word_1_148' title='bbox 1111 1076 1234 1102; x_wconf 77' lang='lat' dir='ltr'><em>centum</em></span> <span class='ocrx_word' id='word_1_149' title='bbox 1253 1075 1341 1114; x_wconf 87' lang='lat' dir='ltr'><em>prope</em></span> <span class='ocrx_word' id='word_1_150' title='bbox 1356 1064 1458 1099; x_wconf 87' lang='lat' dir='ltr'><em>millia</em></span> <span class='ocrx_word' id='word_1_151' title='bbox 1470 1064 1564 1112; x_wconf 78' lang='lat' dir='ltr'><em>fame</em></span> <span class='ocrx_word' id='word_1_152' title='bbox 1581 1060 1729 1108; x_wconf 76' lang='lat' dir='ltr'><em>&amp;frigo-</em></span> 
     </span>
     <span class='ocr_line' id='line_1_15' title="bbox 254 1122 1728 1178; baseline -0.005 -15"><span class='ocrx_word' id='word_1_153' title='bbox 254 1138 286 1160; x_wconf 84' lang='lat' dir='ltr'><em>re</em></span> <span class='ocrx_word' id='word_1_154' title='bbox 301 1128 443 1173; x_wconf 66' lang='lat' dir='ltr'><em>exstinbla</em></span> <span class='ocrx_word' id='word_1_155' title='bbox 453 1128 538 1174; x_wconf 79' lang='lat' dir='ltr'><em>fimt-</em></span> <span class='ocrx_word' id='word_1_156' title='bbox 575 1130 660 1164; x_wconf 79' lang='lat' dir='ltr'><em>Tunc</em></span> <span class='ocrx_word' id='word_1_157' title='bbox 678 1127 720 1167; x_wconf 72' lang='lat'><em>&amp;⁴</em></span> <span class='ocrx_word' id='word_1_158' title='bbox 732 1129 841 1178; x_wconf 82' lang='lat' dir='ltr'><em>obfides</em></span> <span class='ocrx_word' id='word_1_159' title='bbox 859 1131 989 1176; x_wconf 82' lang='lat' dir='ltr'><em>accepit,</em></span> <span class='ocrx_word' id='word_1_160' title='bbox 1008 1130 1091 1163; x_wconf 85' lang='lat' dir='ltr'><em>inter</em></span> <span class='ocrx_word' id='word_1_161' title='bbox 1105 1141 1176 1176; x_wconf 82' lang='lat' dir='ltr'><em>quos</em></span> <span class='ocrx_word' id='word_1_162' title='bbox 1194 1127 1388 1167; x_wconf 67' lang='lat' dir='ltr'><em>&amp;Ariarici</em></span> <span class='ocrx_word' id='word_1_163' title='bbox 1403 1127 1481 1174; x_wconf 84' lang='lat' dir='ltr'><em>regis</em></span> <span class='ocrx_word' id='word_1_164' title='bbox 1492 1123 1608 1172; x_wconf 85' lang='lat' dir='ltr'><em>filium.</em></span> <span class='ocrx_word' id='word_1_165' title='bbox 1645 1122 1728 1156; x_wconf 86' lang='lat' dir='ltr'><em>Pau-</em></span> 
     </span>
     <span class='ocr_line' id='line_1_16' title="bbox 257 1181 1730 1236; baseline -0.001 -17"><span class='ocrx_word' id='word_1_166' title='bbox 257 1185 291 1219; x_wconf 92' lang='lat' dir='ltr'><em>lo</em></span> <span class='ocrx_word' id='word_1_167' title='bbox 308 1187 390 1220; x_wconf 87' lang='lat' dir='ltr'><em>infra</em></span> <span class='ocrx_word' id='word_1_168' title='bbox 405 1202 412 1222; x_wconf 72' lang='grc' dir='ltr'>ε</span> <span class='ocrx_word' id='word_1_169' title='bbox 441 1187 609 1222; x_wconf 86' lang='lat' dir='ltr'><em>Gothorum</em></span> <span class='ocrx_word' id='word_1_170' title='bbox 617 1188 800 1234; x_wconf 72' lang='lat' dir='ltr'><em>forttffimas</em></span> <span class='ocrx_word' id='word_1_171' title='bbox 817 1188 859 1227; x_wconf 61' lang='grc' dir='ltr'><em>όν</em></span> <span class='ocrx_word' id='word_1_172' title='bbox 873 1189 1076 1235; x_wconf 80' lang='lat' dir='ltr'><em>copiofiffimas</em></span> <span class='ocrx_word' id='word_1_173' title='bbox 1091 1198 1199 1236; x_wconf 87' lang='lat' dir='ltr'><em>gentes</em></span> <span class='ocrx_word' id='word_1_174' title='bbox 1219 1191 1252 1223; x_wconf 86' lang='lat' dir='ltr'><em>in</em></span> <span class='ocrx_word' id='word_1_175' title='bbox 1270 1187 1330 1235; x_wconf 86' lang='lat' dir='ltr'><em>ipso</em></span> <span class='ocrx_word' id='word_1_176' title='bbox 1345 1184 1595 1231; x_wconf 79' lang='lat' dir='ltr'><em>BarbaricosoIO,</em></span> <span class='ocrx_word' id='word_1_177' title='bbox 1620 1183 1673 1218; x_wconf 80' lang='lat' dir='ltr'><em>hoc</em></span> <span class='ocrx_word' id='word_1_178' title='bbox 1690 1181 1730 1234; x_wconf 62' lang='lat' dir='ltr'><em>eff</em></span> 
     </span>
     <span class='ocr_line' id='line_1_17' title="bbox 257 1244 1732 1294; baseline -0.002 -14"><span class='ocrx_word' id='word_1_179' title='bbox 257 1248 290 1280; x_wconf 82' lang='lat' dir='ltr'><em>in</em></span> <span class='ocrx_word' id='word_1_180' title='bbox 305 1250 522 1282; x_wconf 82' lang='lat' dir='ltr'><em>Sarmatarum</em></span> <span class='ocrx_word' id='word_1_181' title='bbox 537 1251 655 1294; x_wconf 85' lang='lat' dir='ltr'><em>regione</em></span> <span class='ocrx_word' id='word_1_182' title='bbox 670 1247 804 1282; x_wconf 82' lang='lat' dir='ltr'><em>delevit.</em></span> <span class='ocrx_word' id='word_1_183' title='bbox 841 1247 960 1281; x_wconf 87' lang='lat' dir='ltr'><em>Dicant</em></span> <span class='ocrx_word' id='word_1_184' title='bbox 977 1248 1113 1282; x_wconf 83' lang='lat' dir='ltr'><em>certiora</em></span> <span class='ocrx_word' id='word_1_185' title='bbox 1129 1248 1196 1287; x_wconf 80' lang='lat' dir='ltr'><em>alii,</em></span> <span class='ocrx_word' id='word_1_186' title='bbox 1217 1248 1298 1282; x_wconf 89' lang='lat' dir='ltr'><em>mihi</em></span> <span class='ocrx_word' id='word_1_187' title='bbox 1314 1246 1492 1289; x_wconf 75' lang='lat' dir='ltr'><em>verisimile,</em></span> <span class='ocrx_word' id='word_1_188' title='bbox 1511 1244 1644 1280; x_wconf 83' lang='lat' dir='ltr'><em>voluiffe</em></span> <span class='ocrx_word' id='word_1_189' title='bbox 1657 1244 1732 1291; x_wconf 85' lang='lat' dir='ltr'><em>Jor-</em></span> 
     </span>
     <span class='ocr_line' id='line_1_18' title="bbox 259 1305 1733 1354; baseline -0.002 -12"><span class='ocrx_word' id='word_1_190' title='bbox 259 1307 397 1342; x_wconf 83' lang='lat' dir='ltr'><em>nandern</em></span> <span class='ocrx_word' id='word_1_191' title='bbox 415 1318 571 1354; x_wconf 90' lang='lat' dir='ltr'><em>quantum</em></span> <span class='ocrx_word' id='word_1_192' title='bbox 589 1319 731 1353; x_wconf 90' lang='lat' dir='ltr'><em>unquam</em></span> <span class='ocrx_word' id='word_1_193' title='bbox 751 1305 863 1354; x_wconf 83' lang='lat' dir='ltr'><em>poffet,</em></span> <span class='ocrx_word' id='word_1_194' title='bbox 887 1306 1040 1340; x_wconf 57' lang='lat' dir='ltr'><em>vietor-ias</em></span> <span class='ocrx_word' id='word_1_195' title='bbox 1057 1306 1186 1341; x_wconf 86' lang='lat' dir='ltr'><em>laudare</em></span> <span class='ocrx_word' id='word_1_196' title='bbox 1204 1308 1311 1353; x_wconf 85' lang='lat' dir='ltr'><em>gentis</em></span> <span class='ocrx_word' id='word_1_197' title='bbox 1327 1308 1490 1347; x_wconf 88' lang='lat' dir='ltr'><em>Gothicae,</em></span> <span class='ocrx_word' id='word_1_198' title='bbox 1517 1319 1575 1342; x_wconf 82' lang='lat' dir='ltr'><em>nec</em></span> <span class='ocrx_word' id='word_1_199' title='bbox 1593 1305 1733 1341; x_wconf 84' lang='lat' dir='ltr'><em>libenter</em></span> 
     </span>
     <span class='ocr_line' id='line_1_19' title="bbox 259 1364 1733 1414; baseline -0.001 -12"><span class='ocrx_word' id='word_1_200' title='bbox 259 1379 437 1402; x_wconf 84' lang='lat' dir='ltr'><em>memorare</em></span> <span class='ocrx_word' id='word_1_201' title='bbox 456 1365 570 1401; x_wconf 81' lang='lat' dir='ltr'><em>clades.</em></span> <span class='ocrx_word' id='word_1_202' title='bbox 614 1367 665 1400; x_wconf 89' lang='lat' dir='ltr'><em>Sic</em></span> <span class='ocrx_word' id='word_1_203' title='bbox 685 1377 745 1401; x_wconf 89' lang='lat' dir='ltr'><em>nec</em></span> <span class='ocrx_word' id='word_1_204' title='bbox 765 1366 868 1401; x_wconf 89' lang='lat' dir='ltr'><em>verbo</em></span> <span class='ocrx_word' id='word_1_205' title='bbox 888 1365 1037 1401; x_wconf 86' lang='lat' dir='ltr'><em>meminit</em></span> <span class='ocrx_word' id='word_1_206' title='bbox 1057 1365 1216 1406; x_wconf 67' lang='lat' dir='ltr'><em>vi&amp;oriae‚</em></span> <span class='ocrx_word' id='word_1_207' title='bbox 1243 1377 1340 1414; x_wconf 87' lang='lat' dir='ltr'><em>quarn</em></span> <span class='ocrx_word' id='word_1_208' title='bbox 1362 1377 1402 1399; x_wconf 86' lang='lat' dir='ltr'><em>ex</em></span> <span class='ocrx_word' id='word_1_209' title='bbox 1424 1364 1486 1399; x_wconf 87' lang='lat' dir='ltr'><em>illis</em></span> <span class='ocrx_word' id='word_1_210' title='bbox 1506 1365 1617 1400; x_wconf 87' lang='lat' dir='ltr'><em>retulit</em></span> <span class='ocrx_word' id='word_1_211' title='bbox 1636 1365 1733 1401; x_wconf 87' lang='lat' dir='ltr'><em>Clau-</em></span> 
     </span>
     <span class='ocr_line' id='line_1_20' title="bbox 259 1425 1734 1477; baseline -0.001 -15"><span class='ocrx_word' id='word_1_212' title='bbox 259 1428 342 1468; x_wconf 87' lang='lat' dir='ltr'><em>dius,</em></span> <span class='ocrx_word' id='word_1_213' title='bbox 369 1428 409 1462; x_wconf 89' lang='lat' dir='ltr'><em>de</em></span> <span class='ocrx_word' id='word_1_214' title='bbox 426 1441 488 1477; x_wconf 88' lang='lat' dir='ltr'><em>qua</em></span> <span class='ocrx_word' id='word_1_215' title='bbox 508 1427 612 1475; x_wconf 90' lang='lat' dir='ltr'><em>supra.</em></span> <span class='ocrx_word' id='word_1_216' title='bbox 655 1428 718 1463; x_wconf 89' lang='lat' dir='ltr'><em>Sed</em></span> <span class='ocrx_word' id='word_1_217' title='bbox 742 1427 765 1463; x_wconf 86' lang='lat' dir='ltr'><strong>fi</strong></span> <span class='ocrx_word' id='word_1_218' title='bbox 781 1427 833 1463; x_wconf 90' lang='lat' dir='ltr'><em>vel</em></span> <span class='ocrx_word' id='word_1_219' title='bbox 852 1426 995 1463; x_wconf 83' lang='lat' dir='ltr'><em>maxime</em></span> <span class='ocrx_word' id='word_1_220' title='bbox 1016 1427 1141 1463; x_wconf 77' lang='lat' dir='ltr'><em>silerent</em></span> <span class='ocrx_word' id='word_1_221' title='bbox 1160 1427 1302 1462; x_wconf 87' lang='lat' dir='ltr'><em>historici</em></span> <span class='ocrx_word' id='word_1_222' title='bbox 1321 1436 1453 1467; x_wconf 77' lang='lat' dir='ltr'><em>vetereS,</em></span> <span class='ocrx_word' id='word_1_223' title='bbox 1481 1425 1618 1475; x_wconf 86' lang='lat' dir='ltr'><em>superest</em></span> <span class='ocrx_word' id='word_1_224' title='bbox 1637 1438 1734 1461; x_wconf 86' lang='lat' dir='ltr'><em>nurn-</em></span> 
     </span>
     <span class='ocr_line' id='line_1_21' title="bbox 259 1486 1735 1538; baseline 0.001 -16"><span class='ocrx_word' id='word_1_225' title='bbox 259 1500 330 1522; x_wconf 89' lang='lat' dir='ltr'><em>mus</em></span> <span class='ocrx_word' id='word_1_226' title='bbox 347 1487 488 1523; x_wconf 83' lang='lat' dir='ltr'><em>indubiae</em></span> <span class='ocrx_word' id='word_1_227' title='bbox 508 1487 581 1523; x_wconf 84' lang='lat' dir='ltr'><em>fidei</em></span> <span class='ocrx_word' id='word_1_228' title='bbox 600 1487 686 1536; x_wconf 83' lang='lat' dir='ltr'><em>apud</em></span> <span class='ocrx_word' id='word_1_229' title='bbox 703 1491 870 1538; x_wconf 81' lang='lat' dir='ltr'><em>Cangium,</em></span> <span class='ocrx_word' id='word_1_230' title='bbox 893 1489 1035 1524; x_wconf 87' lang='lat' dir='ltr'><em>Familiis</em></span> <span class='ocrx_word' id='word_1_231' title='bbox 1054 1488 1297 1536; x_wconf 83' lang='lat' dir='ltr'><em>Byzant.Tab.</em></span> <span class='ocrx_word' id='word_1_232' title='bbox 1309 1499 1377 1523; x_wconf 84' lang='lat'>111.</span> <span class='ocrx_word' id='word_1_233' title='bbox 1399 1489 1431 1522; x_wconf 69' lang='grc' dir='ltr'><em>δι</em></span> <span class='ocrx_word' id='word_1_234' title='bbox 1447 1486 1528 1521; x_wconf 88' lang='lat' dir='ltr'><em>alius</em></span> <span class='ocrx_word' id='word_1_235' title='bbox 1546 1487 1579 1521; x_wconf 92' lang='lat' dir='ltr'><em>in</em></span> <span class='ocrx_word' id='word_1_236' title='bbox 1597 1487 1735 1525; x_wconf 80' lang='lat' dir='ltr'><em>Andreae</em></span> 
     </span>
     <span class='ocr_line' id='line_1_22' title="bbox 259 1546 1735 1598; baseline -0.001 -15"><span class='ocrx_word' id='word_1_237' title='bbox 259 1548 388 1583; x_wconf 90' lang='lat' dir='ltr'><em>Morelli</em></span> <span class='ocrx_word' id='word_1_238' title='bbox 407 1549 588 1598; x_wconf 88' lang='lat' dir='ltr'><em>Specimine</em></span> <span class='ocrx_word' id='word_1_239' title='bbox 605 1549 772 1585; x_wconf 88' lang='lat' dir='ltr'><em>Tab.v11.</em></span> <span class='ocrx_word' id='word_1_240' title='bbox 801 1550 896 1584; x_wconf 90' lang='lat' dir='ltr'>IMP.</span> <span class='ocrx_word' id='word_1_241' title='bbox 924 1547 1308 1584; x_wconf 86' lang='lat' dir='ltr'>CONSTANTINVS</span> <span class='ocrx_word' id='word_1_242' title='bbox 1335 1546 1454 1581; x_wconf 86' lang='lat' dir='ltr'><strong>MAX.</strong></span> <span class='ocrx_word' id='word_1_243' title='bbox 1482 1547 1589 1582; x_wconf 88' lang='lat' dir='ltr'><strong>AVG.</strong></span> <span class='ocrx_word' id='word_1_244' title='bbox 1624 1548 1735 1594; x_wconf 81' lang='lat' dir='ltr'><em>Caput</em></span> 
     </span>
     <span class='ocr_line' id='line_1_23' title="bbox 259 1605 1737 1654; baseline 0.001 -13"><span class='ocrx_word' id='word_1_245' title='bbox 259 1606 449 1642; x_wconf 84' lang='lat' dir='ltr'><em>laureatum.</em></span> <span class='ocrx_word' id='word_1_246' title='bbox 487 1608 603 1643; x_wconf 78' lang='lat' dir='ltr'><em>aversd</em></span> <span class='ocrx_word' id='word_1_247' title='bbox 635 1608 971 1643; x_wconf 79' lang='lat' dir='ltr'>DEBELLATORI</span> <span class='ocrx_word' id='word_1_248' title='bbox 1006 1607 1235 1642; x_wconf 84' lang='lat' dir='ltr'>GENTIVM</span> <span class='ocrx_word' id='word_1_249' title='bbox 1271 1605 1613 1641; x_wconf 85' lang='lat' dir='ltr'><strong>BARBARARVM.</strong></span> <span class='ocrx_word' id='word_1_250' title='bbox 1647 1606 1737 1654; x_wconf 78' lang='lat' dir='ltr'><em>infra</em></span> 
     </span>
     <span class='ocr_line' id='line_1_24' title="bbox 262 1667 1735 1718; baseline -0.001 -16"><span class='ocrx_word' id='word_1_251' title='bbox 262 1668 454 1703; x_wconf 89' lang='lat' dir='ltr'>GOTHIA</span> <span class='ocrx_word' id='word_1_252' title='bbox 480 1669 565 1704; x_wconf 82' lang='lat' dir='ltr'><em>TR.</em></span> <span class='ocrx_word' id='word_1_253' title='bbox 593 1670 630 1713; x_wconf 86' lang='lat' dir='ltr'><em>(i.</em></span> <span class='ocrx_word' id='word_1_254' title='bbox 642 1681 670 1704; x_wconf 86' lang='lat' dir='ltr'><em>e.</em></span> <span class='ocrx_word' id='word_1_255' title='bbox 686 1670 837 1711; x_wconf 85' lang='lat' dir='ltr'><em>Treviri,</em></span> <span class='ocrx_word' id='word_1_256' title='bbox 862 1680 952 1718; x_wconf 86' lang='lat' dir='ltr'><em>puta,</em></span> <span class='ocrx_word' id='word_1_257' title='bbox 975 1668 1132 1717; x_wconf 77' lang='lat' dir='ltr'><em>signatus)</em></span> <span class='ocrx_word' id='word_1_258' title='bbox 1159 1668 1259 1702; x_wconf 80' lang='lat' dir='ltr'><em>Miles</em></span> <span class='ocrx_word' id='word_1_259' title='bbox 1276 1668 1446 1702; x_wconf 85' lang='lat' dir='ltr'><em>Romanus</em></span> <span class='ocrx_word' id='word_1_260' title='bbox 1462 1667 1626 1715; x_wconf 86' lang='lat' dir='ltr'><em>captivum</em></span> <span class='ocrx_word' id='word_1_261' title='bbox 1645 1667 1735 1702; x_wconf 90' lang='lat' dir='ltr'><em>Con-</em></span> 
     </span>
     <span class='ocr_line' id='line_1_25' title="bbox 261 1728 1735 1779; baseline -0.001 -15"><span class='ocrx_word' id='word_1_262' title='bbox 261 1728 398 1764; x_wconf 88' lang='lat' dir='ltr'><em>stantino</em></span> <span class='ocrx_word' id='word_1_263' title='bbox 411 1730 554 1771; x_wconf 84' lang='lat' dir='ltr'><em>adducit,</em></span> <span class='ocrx_word' id='word_1_264' title='bbox 576 1730 625 1765; x_wconf 91' lang='lat' dir='ltr'><em>vel</em></span> <span class='ocrx_word' id='word_1_265' title='bbox 643 1730 665 1766; x_wconf 88' lang='lat' dir='ltr'>fi</span> <span class='ocrx_word' id='word_1_266' title='bbox 684 1733 783 1766; x_wconf 88' lang='lat' dir='ltr'><em>mavis</em></span> <span class='ocrx_word' id='word_1_267' title='bbox 798 1732 957 1766; x_wconf 82' lang='lat' dir='ltr'><em>Ariaricus</em></span> <span class='ocrx_word' id='word_1_268' title='bbox 977 1730 1042 1779; x_wconf 88' lang='lat' dir='ltr'><em>ipse</em></span> <span class='ocrx_word' id='word_1_269' title='bbox 1059 1729 1163 1765; x_wconf 88' lang='lat' dir='ltr'><em>filium</em></span> <span class='ocrx_word' id='word_1_270' title='bbox 1183 1729 1324 1765; x_wconf 86' lang='lat' dir='ltr'><em>obfidem</em></span> <span class='ocrx_word' id='word_1_271' title='bbox 1344 1729 1453 1764; x_wconf 85' lang='lat' dir='ltr'><em>tradit.</em></span> <span class='ocrx_word' id='word_1_272' title='bbox 1491 1729 1643 1763; x_wconf 82' lang='lat' dir='ltr'><em>Sarmatis</em></span> <span class='ocrx_word' id='word_1_273' title='bbox 1657 1740 1735 1763; x_wconf 90' lang='lat' dir='ltr'><em>con-</em></span> 
     </span>
     <span class='ocr_line' id='line_1_26' title="bbox 262 1787 1734 1838; baseline -0.002 -13"><span class='ocrx_word' id='word_1_274' title='bbox 262 1790 342 1825; x_wconf 86' lang='lat' dir='ltr'><em>fines</em></span> <span class='ocrx_word' id='word_1_275' title='bbox 363 1789 453 1825; x_wconf 84' lang='lat' dir='ltr'><em>fuiffe</em></span> <span class='ocrx_word' id='word_1_276' title='bbox 471 1791 600 1825; x_wconf 89' lang='lat' dir='ltr'><em>Gothos</em></span> <span class='ocrx_word' id='word_1_277' title='bbox 618 1791 710 1824; x_wconf 89' lang='lat' dir='ltr'><em>hosce</em></span> <span class='ocrx_word' id='word_1_278' title='bbox 729 1789 810 1825; x_wconf 86' lang='lat' dir='ltr'><em>bene</em></span> <span class='ocrx_word' id='word_1_279' title='bbox 828 1790 975 1825; x_wconf 83' lang='lat' dir='ltr'><em>observat</em></span> <span class='ocrx_word' id='word_1_280' title='bbox 992 1793 1182 1836; x_wconf 81' lang='lat' dir='ltr'><em>Anonymus,</em></span> <span class='ocrx_word' id='word_1_281' title='bbox 1209 1791 1317 1838; x_wconf 81' lang='lat' dir='ltr'><em>itaque</em></span> <span class='ocrx_word' id='word_1_282' title='bbox 1333 1788 1431 1825; x_wconf 87' lang='lat' dir='ltr'><em>Idatii</em></span> <span class='ocrx_word' id='word_1_283' title='bbox 1447 1787 1546 1836; x_wconf 87' lang='lat' dir='ltr'><em>vulgo</em></span> <span class='ocrx_word' id='word_1_284' title='bbox 1565 1788 1651 1823; x_wconf 73' lang='lat' dir='ltr'><em>dieta</em></span> <span class='ocrx_word' id='word_1_285' title='bbox 1669 1789 1734 1822; x_wconf 88' lang='lat' dir='ltr'><em>De-</em></span> 
     </span>
     <span class='ocr_line' id='line_1_27' title="bbox 263 1848 1736 1899; baseline -0.002 -14"><span class='ocrx_word' id='word_1_286' title='bbox 263 1849 391 1899; x_wconf 83' lang='lat' dir='ltr'><em>scriptio</em></span> <span class='ocrx_word' id='word_1_287' title='bbox 411 1850 588 1885; x_wconf 88' lang='lat' dir='ltr'><em>Consulum</em></span> <span class='ocrx_word' id='word_1_288' title='bbox 606 1865 613 1884; x_wconf 88' lang='lat'>:</span> <span class='ocrx_word' id='word_1_289' title='bbox 642 1854 702 1886; x_wconf 82' lang='lat' dir='ltr'><em>His</em></span> <span class='ocrx_word' id='word_1_290' title='bbox 723 1854 842 1889; x_wconf 89' lang='lat' dir='ltr'><em>COSS.</em></span> <span class='ocrx_word' id='word_1_291' title='bbox 870 1852 1044 1886; x_wconf 83' lang='lat' dir='ltr'><em>Pacatiano</em></span> <span class='ocrx_word' id='word_1_292' title='bbox 1067 1854 1097 1885; x_wconf 74' lang='grc' dir='ltr'><em>ὃ(</em></span> <span class='ocrx_word' id='word_1_293' title='bbox 1116 1849 1297 1890; x_wconf 78' lang='lat' dir='ltr'><em>Hilariano,</em></span> <span class='ocrx_word' id='word_1_294' title='bbox 1322 1851 1402 1885; x_wconf 66' lang='lat' dir='ltr'><em>vieti</em></span> <span class='ocrx_word' id='word_1_295' title='bbox 1421 1848 1519 1885; x_wconf 82' lang='lat' dir='ltr'><em>Gothi</em></span> <span class='ocrx_word' id='word_1_296' title='bbox 1538 1848 1579 1883; x_wconf 87' lang='lat' dir='ltr'><em>ab</em></span> <span class='ocrx_word' id='word_1_297' title='bbox 1600 1851 1736 1883; x_wconf 87' lang='lat' dir='ltr'><em>exercitu</em></span> 
     </span>
     <span class='ocr_line' id='line_1_28' title="bbox 264 1908 1736 1957; baseline -0.003 -11"><span class='ocrx_word' id='word_1_298' title='bbox 264 1914 403 1946; x_wconf 87' lang='lat' dir='ltr'><em>Romano</em></span> <span class='ocrx_word' id='word_1_299' title='bbox 417 1915 449 1946; x_wconf 89' lang='lat' dir='ltr'><em>in</em></span> <span class='ocrx_word' id='word_1_300' title='bbox 465 1914 551 1947; x_wconf 88' lang='lat' dir='ltr'><em>terris</em></span> <span class='ocrx_word' id='word_1_301' title='bbox 565 1916 796 1953; x_wconf 85' lang='lat' dir='ltr'><em>Sarmatarum,</em></span> <span class='ocrx_word' id='word_1_302' title='bbox 815 1912 864 1947; x_wconf 84' lang='lat' dir='ltr'><em>die</em></span> <span class='ocrx_word' id='word_1_303' title='bbox 879 1915 951 1947; x_wconf 90' lang='lat' dir='ltr'><em>XII</em></span> <span class='ocrx_word' id='word_1_304' title='bbox 966 1911 1031 1946; x_wconf 87' lang='lat' dir='ltr'><em>kal.</em></span> <span class='ocrx_word' id='word_1_305' title='bbox 1044 1914 1145 1952; x_wconf 88' lang='lat' dir='ltr'><em>Maii,</em></span> <span class='ocrx_word' id='word_1_306' title='bbox 1165 1912 1320 1947; x_wconf 84' lang='lat' dir='ltr'><em>nimirum</em></span> <span class='ocrx_word' id='word_1_307' title='bbox 1337 1922 1409 1945; x_wconf 86' lang='lat' dir='ltr'><em>aerae</em></span> <span class='ocrx_word' id='word_1_308' title='bbox 1425 1908 1608 1957; x_wconf 87' lang='lat' dir='ltr'><em>Hispanicae</em></span> <span class='ocrx_word' id='word_1_309' title='bbox 1622 1919 1736 1943; x_wconf 87' lang='lat' dir='ltr'>cccc-</span> 
     </span>
     <span class='ocr_line' id='line_1_29' title="bbox 267 1968 1736 2022; baseline -0.001 -16"><span class='ocrx_word' id='word_1_310' title='bbox 267 1984 331 2012; x_wconf 86' lang='lat' dir='ltr'><em>xx,</em></span> <span class='ocrx_word' id='word_1_311' title='bbox 359 1972 379 2005; x_wconf 89' lang='lat' dir='ltr'><em>i.</em></span> <span class='ocrx_word' id='word_1_312' title='bbox 392 1984 420 2006; x_wconf 90' lang='lat' dir='ltr'><em>e.</em></span> <span class='ocrx_word' id='word_1_313' title='bbox 440 1972 519 2008; x_wconf 87' lang='lat' dir='ltr'><em>Chr.</em></span> <span class='ocrx_word' id='word_1_314' title='bbox 536 1972 584 2007; x_wconf 88' lang='lat' dir='ltr'><em>N.</em></span> <span class='ocrx_word' id='word_1_315' title='bbox 598 1987 613 2020; x_wconf 85' lang='lat'>3</span> <span class='ocrx_word' id='word_1_316' title='bbox 625 1985 679 2019; x_wconf 87' lang='lat'><em>32.</em></span> <span class='ocrx_word' id='word_1_317' title='bbox 692 1973 745 2021; x_wconf 78' lang='lat' dir='ltr'><em>(a)</em></span> <span class='ocrx_word' id='word_1_318' title='bbox 782 1973 831 2008; x_wconf 86' lang='lat' dir='ltr'><em>Sic</em></span> <span class='ocrx_word' id='word_1_319' title='bbox 851 1974 986 2022; x_wconf 82' lang='lat' dir='ltr'><em>proinde</em></span> <span class='ocrx_word' id='word_1_320' title='bbox 1003 1973 1104 2008; x_wconf 91' lang='lat' dir='ltr'><em>modo</em></span> <span class='ocrx_word' id='word_1_321' title='bbox 1124 1974 1284 2014; x_wconf 83' lang='lat' dir='ltr'><em>foederati,</em></span> <span class='ocrx_word' id='word_1_322' title='bbox 1311 1972 1411 2007; x_wconf 89' lang='lat' dir='ltr'><em>modo</em></span> <span class='ocrx_word' id='word_1_323' title='bbox 1429 1970 1533 2006; x_wconf 83' lang='lat' dir='ltr'><em>hostes</em></span> <span class='ocrx_word' id='word_1_324' title='bbox 1551 1968 1736 2004; x_wconf 87' lang='lat' dir='ltr'><em>Constanti-</em></span> 
     </span>
     <span class='ocr_line' id='line_1_30' title="bbox 266 2028 1738 2083; baseline -0.001 -17"><span class='ocrx_word' id='word_1_325' title='bbox 266 2033 312 2073; x_wconf 89' lang='lat' dir='ltr'><em>ni,</em></span> <span class='ocrx_word' id='word_1_326' title='bbox 340 2032 440 2067; x_wconf 89' lang='lat' dir='ltr'><em>modo</em></span> <span class='ocrx_word' id='word_1_327' title='bbox 462 2035 578 2069; x_wconf 87' lang='lat' dir='ltr'><em>iterum</em></span> <span class='ocrx_word' id='word_1_328' title='bbox 601 2034 709 2074; x_wconf 84' lang='lat' dir='ltr'><em>amici,</em></span> <span class='ocrx_word' id='word_1_329' title='bbox 736 2038 768 2069; x_wconf 87' lang='lat'>&amp;</span> <span class='ocrx_word' id='word_1_330' title='bbox 786 2035 915 2083; x_wconf 82' lang='lat' dir='ltr'><em>quidem</em></span> <span class='ocrx_word' id='word_1_331' title='bbox 935 2035 1018 2070; x_wconf 87' lang='lat' dir='ltr'><em>adeo</em></span> <span class='ocrx_word' id='word_1_332' title='bbox 1035 2036 1131 2082; x_wconf 88' lang='lat' dir='ltr'><em>grati,</em></span> <span class='ocrx_word' id='word_1_333' title='bbox 1158 2046 1194 2070; x_wconf 85' lang='lat' dir='ltr'><em>ut</em></span> <span class='ocrx_word' id='word_1_334' title='bbox 1210 2047 1264 2069; x_wconf 79' lang='lat' dir='ltr'><em>eos</em></span> <span class='ocrx_word' id='word_1_335' title='bbox 1280 2033 1415 2082; x_wconf 82' lang='lat' dir='ltr'><em>adusque</em></span> <span class='ocrx_word' id='word_1_336' title='bbox 1425 2031 1533 2079; x_wconf 76' lang='lat' dir='ltr'><em>fasces</em></span> <span class='ocrx_word' id='word_1_337' title='bbox 1550 2040 1674 2079; x_wconf 84' lang='lat' dir='ltr'><em>augeret</em></span> <span class='ocrx_word' id='word_1_338' title='bbox 1693 2028 1738 2069; x_wconf 61' lang='grc' dir='ltr'><strong><em>ὠ</em></strong></span> 
     </span>
    </p>
   </div>
   <div class='ocr_carea' id='block_1_5' title="bbox 267 2090 1739 2202">
    <p class='ocr_par' dir='ltr' id='par_1_5' title="bbox 267 2090 1739 2202">
     <span class='ocr_line' id='line_1_31' title="bbox 267 2090 1739 2144; baseline -0.003 -16"><span class='ocrx_word' id='word_1_339' title='bbox 267 2093 386 2128; x_wconf 80' lang='lat' dir='ltr'><em>trabeas</em></span> <span class='ocrx_word' id='word_1_340' title='bbox 407 2093 597 2138; x_wconf 77' lang='lat' dir='ltr'><em>Consulares,</em></span> <span class='ocrx_word' id='word_1_341' title='bbox 623 2093 710 2141; x_wconf 85' lang='lat' dir='ltr'><em>quod</em></span> <span class='ocrx_word' id='word_1_342' title='bbox 731 2094 763 2128; x_wconf 87' lang='lat' dir='ltr'><em>in</em></span> <span class='ocrx_word' id='word_1_343' title='bbox 785 2106 824 2128; x_wconf 80' lang='lat' dir='ltr'><em>eo</em></span> <span class='ocrx_word' id='word_1_344' title='bbox 845 2094 1049 2144; x_wconf 81' lang='lat' dir='ltr'><em>reprehendit</em></span> <span class='ocrx_word' id='word_1_345' title='bbox 1065 2094 1210 2141; x_wconf 83' lang='lat' dir='ltr'><em>Julianus</em></span> <span class='ocrx_word' id='word_1_346' title='bbox 1231 2096 1411 2143; x_wconf 84' lang='lat' dir='ltr'><em>Imperator</em></span> <span class='ocrx_word' id='word_1_347' title='bbox 1430 2090 1512 2139; x_wconf 84' lang='lat' dir='ltr'><em>apud</em></span> <span class='ocrx_word' id='word_1_348' title='bbox 1530 2091 1739 2126; x_wconf 81' lang='lat' dir='ltr'><em>Ammianum</em></span> 
     </span>
     <span class='ocr_line' id='line_1_32' title="bbox 267 2154 834 2202; baseline -0.002 -12"><span class='ocrx_word' id='word_1_349' title='bbox 267 2154 490 2191; x_wconf 85' lang='lat' dir='ltr'><em>Marcellinum</em></span> <span class='ocrx_word' id='word_1_350' title='bbox 509 2154 582 2189; x_wconf 87' lang='lat' dir='ltr'><em>Lib.</em></span> <span class='ocrx_word' id='word_1_351' title='bbox 599 2167 682 2190; x_wconf 75' lang='lat' dir='ltr'>xxx.</span> <span class='ocrx_word' id='word_1_352' title='bbox 699 2167 767 2202; x_wconf 88' lang='lat' dir='ltr'><em>cap.</em></span> <span class='ocrx_word' id='word_1_353' title='bbox 783 2168 834 2190; x_wconf 89' lang='lat'><em>10.</em></span> 
     </span>
    </p>
   </div>
   <div class='ocr_carea' id='block_1_6' title="bbox 316 2208 1739 2261">
    <p class='ocr_par' dir='ltr' id='par_1_6' title="bbox 316 2208 1739 2261">
     <span class='ocr_line' id='line_1_33' title="bbox 316 2208 1739 2261; baseline -0.004 -14"><span class='ocrx_word' id='word_1_354' title='bbox 316 2215 343 2261; x_wconf 84' lang='lat'><em>§.</em></span> <span class='ocrx_word' id='word_1_355' title='bbox 357 2227 392 2259; x_wconf 91' lang='lat'><em>4.</em></span> <span class='ocrx_word' id='word_1_356' title='bbox 420 2215 622 2252; x_wconf 86' lang='lat' dir='ltr'><em>Gothorum,</em></span> <span class='ocrx_word' id='word_1_357' title='bbox 648 2214 703 2261; x_wconf 87' lang='lat' dir='ltr'><em>qui</em></span> <span class='ocrx_word' id='word_1_358' title='bbox 725 2214 939 2248; x_wconf 85' lang='lat' dir='ltr'><em>Christianam</em></span> <span class='ocrx_word' id='word_1_359' title='bbox 962 2215 1151 2261; x_wconf 86' lang='lat' dir='ltr'><em>religionem</em></span> <span class='ocrx_word' id='word_1_360' title='bbox 1177 2213 1318 2259; x_wconf 85' lang='lat' dir='ltr'><em>amplexi</em></span> <span class='ocrx_word' id='word_1_361' title='bbox 1341 2208 1549 2245; x_wconf 75' lang='lat' dir='ltr'><em>constantiam</em></span> <span class='ocrx_word' id='word_1_362' title='bbox 1573 2212 1606 2244; x_wconf 77' lang='grc' dir='ltr'><em>ὅτ</em></span> <span class='ocrx_word' id='word_1_363' title='bbox 1625 2208 1739 2242; x_wconf 86' lang='lat' dir='ltr'><em>ortho-</em></span> 
     </span>
    </p>
   </div>
   <div class='ocr_carea' id='block_1_7' title="bbox 268 2268 1739 2417">
    <p class='ocr_par' dir='ltr' id='par_1_7' title="bbox 268 2268 1739 2417">
     <span class='ocr_line' id='line_1_34' title="bbox 269 2268 1739 2322; baseline -0.007 -10"><span class='ocrx_word' id='word_1_364' title='bbox 269 2276 398 2312; x_wconf 86' lang='lat' dir='ltr'><em>doxiam</em></span> <span class='ocrx_word' id='word_1_365' title='bbox 420 2275 470 2309; x_wconf 93' lang='lat' dir='ltr'><em>vel</em></span> <span class='ocrx_word' id='word_1_366' title='bbox 493 2274 567 2308; x_wconf 86' lang='lat' dir='ltr'><em>inde</em></span> <span class='ocrx_word' id='word_1_367' title='bbox 587 2272 712 2312; x_wconf 80' lang='lat' dir='ltr'><em>videris,</em></span> <span class='ocrx_word' id='word_1_368' title='bbox 739 2273 824 2322; x_wconf 82' lang='lat' dir='ltr'><em>quod</em></span> <span class='ocrx_word' id='word_1_369' title='bbox 846 2286 956 2307; x_wconf 79' lang='lat' dir='ltr'><em>corum</em></span> <span class='ocrx_word' id='word_1_370' title='bbox 979 2273 1142 2321; x_wconf 87' lang='lat' dir='ltr'><em>episcopus</em></span> <span class='ocrx_word' id='word_1_371' title='bbox 1158 2271 1367 2320; x_wconf 88' lang='lat' dir='ltr'><em>Theophilus</em></span> <span class='ocrx_word' id='word_1_372' title='bbox 1380 2271 1429 2316; x_wconf 81' lang='lat' dir='ltr'><em>(b)</em></span> <span class='ocrx_word' id='word_1_373' title='bbox 1452 2269 1568 2304; x_wconf 81' lang='lat' dir='ltr'><em>celebri</em></span> <span class='ocrx_word' id='word_1_374' title='bbox 1584 2268 1739 2304; x_wconf 87' lang='lat' dir='ltr'><em>Concilio</em></span> 
     </span>
     <span class='ocr_line' id='line_1_35' title="bbox 270 2333 1739 2379; baseline -0.005 -8"><span class='ocrx_word' id='word_1_375' title='bbox 270 2334 491 2371; x_wconf 87' lang='lat' dir='ltr'><em>Oecumenico</em></span> <span class='ocrx_word' id='word_1_376' title='bbox 505 2333 636 2368; x_wconf 87' lang='lat' dir='ltr'><em>Niceno</em></span> <span class='ocrx_word' id='word_1_377' title='bbox 654 2334 817 2373; x_wconf 84' lang='lat' dir='ltr'><em>intererat,</em></span> <span class='ocrx_word' id='word_1_378' title='bbox 845 2333 920 2368; x_wconf 86' lang='lat' dir='ltr'><em>teste</em></span> <span class='ocrx_word' id='word_1_379' title='bbox 932 2336 1057 2369; x_wconf 88' lang='lat' dir='ltr'><em>Socrate</em></span> <span class='ocrx_word' id='word_1_380' title='bbox 1075 2333 1148 2367; x_wconf 88' lang='lat' dir='ltr'><em>Lib.</em></span> <span class='ocrx_word' id='word_1_381' title='bbox 1161 2345 1206 2367; x_wconf 93' lang='lat'><em>11.</em></span> <span class='ocrx_word' id='word_1_382' title='bbox 1226 2344 1296 2379; x_wconf 84' lang='lat' dir='ltr'><em>cap.</em></span> <span class='ocrx_word' id='word_1_383' title='bbox 1308 2342 1366 2376; x_wconf 86' lang='lat'><em>41.</em></span> <span class='ocrx_word' id='word_1_384' title='bbox 1389 2335 1467 2371; x_wconf 68' lang='grc' dir='ltr'><strong><em>ταύτῃ</em></strong></span> <span class='ocrx_word' id='word_1_385' title='bbox 1486 2337 1512 2375; x_wconf 69' lang='lat'><em>⁸53</em></span> <span class='ocrx_word' id='word_1_386' title='bbox 1529 2335 1667 2372; x_wconf 66' lang='grc' dir='ltr'><em>οῠλφίλας</em></span> <span class='ocrx_word' id='word_1_387' title='bbox 1685 2334 1696 2361; x_wconf 74' lang='grc' dir='ltr'>ὅ</span> <span class='ocrx_word' id='word_1_388' title='bbox 1716 2334 1739 2364; x_wconf 48' lang='grc' dir='ltr'><strong>ὅ</strong></span> 
     </span>
     <span class='ocr_line' id='line_1_36' title="bbox 268 2404 1738 2417; baseline -0.005 -1"><span class='ocrx_word' id='word_1_389' title='bbox 268 2404 1738 2417; x_wconf 78' lang='lat'><em>—-——---——-.—..——--—-———--—-</em></span> 
     </span>
    </p>
   </div>
   <div class='ocr_carea' id='block_1_8' title="bbox 277 2441 1739 2616">
    <p class='ocr_par' dir='ltr' id='par_1_8' title="bbox 277 2441 1739 2616">
     <span class='ocr_line' id='line_1_37' title="bbox 326 2441 1739 2494; baseline -0.001 -14"><span class='ocrx_word' id='word_1_390' title='bbox 326 2447 376 2493; x_wconf 86' lang='lat' dir='ltr'><em>(a)</em></span> <span class='ocrx_word' id='word_1_391' title='bbox 404 2446 554 2481; x_wconf 87' lang='lat' dir='ltr'><em>Curatius</em></span> <span class='ocrx_word' id='word_1_392' title='bbox 576 2444 772 2494; x_wconf 77' lang='lat' dir='ltr'><em>explicandae</em></span> <span class='ocrx_word' id='word_1_393' title='bbox 794 2446 933 2493; x_wconf 85' lang='lat' dir='ltr'><em>geminae</em></span> <span class='ocrx_word' id='word_1_394' title='bbox 956 2445 996 2480; x_wconf 87' lang='lat' dir='ltr'><em>de</em></span> <span class='ocrx_word' id='word_1_395' title='bbox 1017 2445 1137 2480; x_wconf 88' lang='lat' dir='ltr'><em>Gothis</em></span> <span class='ocrx_word' id='word_1_396' title='bbox 1160 2443 1307 2480; x_wconf 71' lang='lat' dir='ltr'><em>vistoriae</em></span> <span class='ocrx_word' id='word_1_397' title='bbox 1330 2441 1544 2483; x_wconf 83' lang='lat' dir='ltr'><em>Constantini,</em></span> <span class='ocrx_word' id='word_1_398' title='bbox 1572 2452 1637 2477; x_wconf 91' lang='lat' dir='ltr'><em>tam</em></span> <span class='ocrx_word' id='word_1_399' title='bbox 1663 2442 1739 2479; x_wconf 79' lang='lat' dir='ltr'><em>anni</em></span> 
     </span>
     <span class='ocr_line' id='line_1_38' title="bbox 277 2517 580 2554; baseline -0.007 -13"><span class='ocrx_word' id='word_1_400' title='bbox 277 2517 360 2554; x_wconf 86' lang='lat'><em>323,</em></span> <span class='ocrx_word' id='word_1_401' title='bbox 386 2518 481 2553; x_wconf 87' lang='lat' dir='ltr'><em>quam</em></span> <span class='ocrx_word' id='word_1_402' title='bbox 499 2517 580 2553; x_wconf 86' lang='lat'><em>332.</em></span> 
     </span>
     <span class='ocr_line' id='line_1_39' title="bbox 323 2561 1704 2616; baseline -0.004 -15"><span class='ocrx_word' id='word_1_403' title='bbox 323 2567 373 2614; x_wconf 85' lang='lat' dir='ltr'><em>(b)</em></span> <span class='ocrx_word' id='word_1_404' title='bbox 398 2566 650 2616; x_wconf 83' lang='lat' dir='ltr'><em>Subscriptiones</em></span> <span class='ocrx_word' id='word_1_405' title='bbox 667 2567 700 2602; x_wconf 92' lang='lat' dir='ltr'><em>in</em></span> <span class='ocrx_word' id='word_1_406' title='bbox 715 2565 835 2602; x_wconf 81' lang='lat' dir='ltr'><em>Tomis</em></span> <span class='ocrx_word' id='word_1_407' title='bbox 852 2565 1078 2602; x_wconf 85' lang='lat' dir='ltr'><em>Conciliorum</em></span> <span class='ocrx_word' id='word_1_408' title='bbox 1097 2564 1372 2613; x_wconf 77' lang='lat' dir='ltr'><em>Metropolitanum</em></span> <span class='ocrx_word' id='word_1_409' title='bbox 1390 2562 1515 2601; x_wconf 76' lang='lat' dir='ltr'><em>Gothiae</em></span> <span class='ocrx_word' id='word_1_410' title='bbox 1530 2561 1704 2611; x_wconf 80' lang='lat' dir='ltr'><em>appellant.</em></span> 
     </span>
    </p>
   </div>
   <div class='ocr_carea' id='block_1_9' title="bbox 1642 2623 1738 2654">
    <p class='ocr_par' dir='ltr' id='par_1_9' title="bbox 1642 2623 1738 2654">
     <span class='ocr_line' id='line_1_40' title="bbox 1642 2623 1738 2654; baseline 0 0"><span class='ocrx_word' id='word_1_411' title='bbox 1642 2630 1662 2654; x_wconf 71' lang='lat'><em>1*</em></span> <span class='ocrx_word' id='word_1_412' title='bbox 1664 2623 1738 2654; x_wconf 67' lang='grc' dir='ltr'><strong>ὅτθυι</strong></span> 
     </span>
    </p>
   </div>
   <div class='ocr_carea' id='block_1_10' title="bbox 1824 255 1894 278">
    <p class='ocr_par' dir='ltr' id='par_1_10' title="bbox 1824 255 1894 278">
     <span class='ocr_line' id='line_1_41' title="bbox 1824 255 1894 278; baseline 0.014 -1"><span class='ocrx_word' id='word_1_413' title='bbox 1824 255 1894 278; x_wconf 72' lang='lat' dir='ltr'><em>&gt;ux</em></span> 
     </span>
    </p>
   </div>
  </div>
 </body>
</html>
