2052 3023
184 274 261 298 XXX

784 256 1406 308 PRAEFATIO.

364 358 503 390 caveret,
531 362 571 384 ne
590 359 662 398 quae
684 348 717 384 in
737 347 865 383 ecclesia
881 347 1021 382 Gothica
1038 347 1139 382 turbae
1156 357 1191 380 ac
1208 344 1366 380 tumultus
1387 343 1616 386 excitarentur,
1641 355 1721 392 quos
1741 344 1831 379 omni

367 410 436 445 nisu
454 410 609 445 fovebant
628 409 749 449 Ariani,
771 415 792 443 οἱ
806 411 938 449 βαλόμενοι
955 411 1123 450 λυκφίνειθη
1140 408 1199 441 ταῖς
1216 406 1362 441 ἐκκλησίαις
1378 409 1436 440 τοῦς
1452 408 1484 440 εἷς
1500 408 1617 445 revolas,
1639 406 1728 440 mmi-
1745 410 1833 441 mig·-

366 489 411 514 nq
427 473 542 511 voi-xm,
564 476 690 512 παντωχέ
708 471 905 513 ωὲιτςίχοιπς,
928 471 1058 506 ἀλλ’ὖμέἰε
1075 467 1109 505 pan*
1131 469 1263 501 ὣσιλίπηπ
1284 466 1316 497 πὶ
1335 468 1401 508 ’καί
1416 467 1509 498 {aaran
1528 467 1692 506 ἐσφίρριπς,
1718 464 1833 498 nullum

365 531 477 576 castam·
502 541 627 564 movere
651 526 796 575 lapidem,
821 528 875 573 qui
904 524 1039 570 ecclesias
1060 523 1184 559 Gothiae
1207 521 1395 569 labefac‘lare
1420 530 1577 560 conantur,
1604 521 1678 557 dum
1701 523 1834 570 undique

364 590 559 635 discurrunt.-
585 601 642 624 vos
668 597 772 623 tamen
791 597 860 635 quae
880 586 1056 631 vestrarum
1076 584 1151 630 sunt
1174 584 1310 630 partium
1334 582 1475 629 praestare
1496 593 1532 614 ne
1552 580 1702 625 desinatis.
1748 583 1835 616 Lau-

364 652 420 686 dat
436 663 564 699 quoque
581 647 804 697 Chrysostomi
821 646 860 681 de
877 644 998 680 Gothis
1020 645 1061 680 ad
1080 642 1271 679 Danubium
1292 640 1566 676 commorantibus
1586 639 1833 676 sollicitudinem

364 709 596 745 Theodoretus
608 709 650 744 V.
667 719 737 754 cap.
749 718 808 754 31,
836 714 1017 738 memorans
1035 702 1064 736 se
1082 699 1189 749 legiffe
1207 701 1274 747 ejus
1291 699 1331 733 ad
1348 700 1523 734 Leontium
1540 701 1751 746 Ancyranutn
1769 700 1835 748 epi-

364 768 491 808 stolam,
518 767 570 803 sed
587 766 644 801 illa
662 776 727 800 non
743 764 819 799 tulit
835 771 974 797 aetatem.
1014 762 1056 795 Et
1075 761 1143 795 haec
1159 759 1289 809 quidem
1307 757 1400 793 facies
1418 757 1552 793 ecclefiae
1564 759 1716 794 Gothicae
1735 758 1832 807 usque

363 829 403 863 ad
422 838 566 876 tempora
583 834 747 873 occupatae
764 822 804 857 ab
819 821 946 856 Alarico
962 821 1092 867 Magno
1110 819 1229 852 Romae
1247 830 1331 852 anno
1342 828 1425 866 409.
1438 818 1491 866 (a)
1517 817 1736 853 Necessarium
1756 831 1834 853 vero

365 888 549 936 putavimus
568 887 654 920 hunc
670 881 856 924 discursum,
881 880 945 929 quo
961 878 1117 915 constaret
1134 889 1199 912 non
1218 877 1390 924 precariam
1409 876 1469 911 esse
1487 875 1687 912 assertionem
1704 878 1832 913 Gothos

366 949 400 982 in
416 947 561 982 Thracia
579 943 760 991 Mocfiaque
780 938 922 975 habuisse
941 941 973 974 S.
987 938 1181 986 Scripturam
1200 937 1340 972 Gothice
1358 934 1496 976 versam,
1521 938 1605 971 &iis
1623 935 1779 987 praefuiffe
1798 949 1833 971 e-

364 1005 510 1054 piscopos
531 1002 592 1039 suae
613 1002 729 1051 gentiS,
755 1003 787 1036 &
808 1000 840 1034 in
864 998 912 1034 his
933 996 1119 1047 Ulphilaxm
1149 996 1237 1042 cujus
1258 997 1359 1034 vitam
1382 1008 1418 1033 ac
1439 995 1562 1032 labores
1585 1009 1670 1032 nunc
1693 996 1832 1032 breviter

365 1065 541 1100 trademus.

954 1138 982 1173 C
1009 1141 1037 1174 A
1063 1138 1099 1173 P.
1151 1138 1242 1174 V111.

365 1235 400 1283 §.
416 1248 448 1271 1.
459 1234 624 1320 PRIM
635 1244 657 1266 u
670 1244 698 1265 M
720 1227 947 1278 inquirendum
964 1226 1065 1265 venit,
1091 1237 1154 1273 qua
1171 1235 1268 1272 gente
1286 1224 1382 1260 fuerit
1397 1225 1566 1260 oriundus.
1599 1224 1830 1273 Philostorgius

546 1293 619 1329 hist.
637 1291 726 1326 Eccl.
751 1287 827 1324 Lib.
843 1290 887 1323 11.
906 1299 975 1336 cap.
992 1298 1026 1332 5.
1061 1286 1286 1334 Cappadocem
1310 1284 1409 1329 facit3
1434 1284 1487 1321 sed
1508 1298 1595 1326 eum,
1621 1296 1735 1334 utpote
1755 1291 1830 1329 fni&

366 1355 528 1397 ψευᾶἵλογον
541 1371 568 1389 νη
589 1354 636 1388 καὶ
655 1353 711 1385 om
730 1350 883 1389 μυθολοὶῖοκ
903 1350 1064 1388 διωκέμεναι,
1088 1355 1125 1380 ut
1140 1346 1227 1380 audit
1244 1345 1377 1384 photio,
1402 1348 1435 1379 ὃ(
1450 1345 1594 1380 censente
1612 1346 1828 1382 Maresthalio

365 1416 539 1452 observat.
559 1413 598 1449 de
619 1408 758 1446 versione
775 1407 915 1442 Gothica
935 1419 967 1454 p.
980 1407 1065 1452 387.
1088 1406 1240 1441 aubiorem
1259 1404 1475 1453 qualiscunque
1486 1404 1564 1452 fidei
1584 1404 1775 1452 &fiaeblestae
1785 1408 1831 1454 fi.

367 1477 417 1513 dei
437 1473 659 1526 postulandum,
684 1467 832 1504 confutat
854 1467 954 1501 nubes
975 1464 1269 1514 probatiffimorum
1287 1464 1484 1505 Aniciorum,
1510 1477 1579 1500 uno
1599 1477 1655 1500 ore
1674 1466 1830 1501 confiten-

365 1539 450 1574 tium
465 1534 627 1585 Ulphilam
645 1528 859 1568 transsationis
878 1528 971 1574 hujus
991 1525 1280 1562 nominatiffimum
1298 1525 1491 1570 Auctorem,
1516 1535 1613 1574 gente
1630 1530 1661 1562 ὅτ
1679 1527 1827 1575 {anguine

365 1598 457 1635 fuiffe
476 1597 639 1632 Gothum.
676 1591 831 1628 Aueiores
847 1589 902 1638 qui
923 1590 984 1624 hoc
1000 1586 1165 1623 contestati
1187 1586 1270 1627 sunt,
1297 1596 1333 1621 ut
1349 1589 1382 1621 &
1395 1596 1586 1633 argumenta
1602 1599 1674 1635 quae
1690 1587 1775 1623 idem
1793 1599 1828 1622 e-

365 1661 510 1699 vincant,
536 1657 671 1704 longum
690 1653 773 1688 foret
788 1662 985 1686 coacervare.
1020 1652 1058 1684 In
1075 1646 1216 1683 confesso
1232 1647 1289 1688 est,
1315 1646 1405 1682 fuiffe
1419 1646 1610 1695 Episcopum
1627 1649 1827 1689 Gothorum,

365 1723 399 1756 ὃ(
415 1721 485 1769 quis
501 1717 552 1753 vel
569 1716 750 1763 suspicetur,
777 1712 921 1754 Gothos,
947 1720 996 1745 tot
1013 1711 1160 1758 gentium
1177 1708 1327 1752 vietores,
1355 1707 1412 1743 fibi
1431 1706 1604 1757 praefcciffe
1621 1708 1673 1743 vel
1690 1708 1828 1744 admisis-

367 1781 398 1815 se
415 1781 582 1815 Sacrorum
600 1775 772 1810 antistitem
789 1782 876 1812 ortu,
902 1770 1044 1806 moribus
1061 1769 1220 1817 &lingua
1238 1768 1255 1804 a
1272 1766 1445 1816 semetipsis
1463 1767 1718 1816 discrepantem?
1753 1769 1827 1815 Qi

367 1838 528 1887 potuisset,
554 1836 609 1871 nisi
628 1834 786 1870 natalibus
802 1834 947 1874 GothuS‚
973 1830 1095 1865 divinas
1114 1827 1291 1876 Scripturas
1310 1827 1499 1862 convertisse
1517 1832 1550 1865 εἷς
1565 1830 1614 1862 rh)
1630 1836 1722 1864 οἰκεῖα,
1737 1831 1828 1869 φωνὴ,

366 1910 403 1934 ut
419 1899 591 1933 Sozomen.
607 1894 676 1928 hist.
694 1892 784 1927 Eccl.
803 1891 825 1926 l.
837 1903 886 1926 v1.
905 1902 932 1924 c.
945 1891 1003 1937 36.
1020 1889 1053 1923 in
1072 1888 1190 1924 idioma
1208 1887 1412 1934 domesticum,
1437 1887 1556 1922 Gothis
1573 1887 1740 1929 familiare,
1766 1889 1828 1923 im-

365 1971 421 1992 mo
433 1957 537 2003 fimm,
563 1955 609 1989 uti
627 1951 733 1988 scribit
751 1949 915 1986 Gotefrid.
930 1948 1056 1983 Viterb.
1079 1949 1113 1982 in
1130 1949 1280 1982 Pantheo
1299 1960 1330 1994 p.
1345 1947 1438 1995 397?
1473 1946 1565 1991 Qin
1582 1950 1615 1982 ὃ(
1632 1959 1749 1983 nornen
1767 1946 1827 1982 Ul-

364 2017 455 2065 philae
472 2014 646 2051 Gothicam
668 2012 695 2045 ei
715 2008 828 2045 adserit
845 2007 1050 2055 vindicatque
1071 2008 1253 2054 originem;
1279 2019 1352 2040 nam
1372 2016 1446 2041 utut
1462 2007 1503 2041 ab
1525 2005 1679 2040 historicis
1694 2005 1826 2041 diverfi-

366 2077 463 2112 mode
481 2073 646 2114 scribatur,
666 2071 793 2117 (utpote
811 2067 935 2103 Gudilla
951 2067 1002 2101 vel
1021 2065 1135 2101 Gudila
1152 2066 1341 2114 plerumque
1359 2065 1520 2113 Hispani5‚
1539 2065 1666 2112 Galfila,
1687 2065 1821 2112 Gulfila,

368 2133 480 2181 Vulfila
499 2136 559 2167 &c.
583 2130 663 2170 aliis,
689 2140 786 2176 quarn
809 2125 1025 2161 diversitatem
1050 2125 1067 2158 ὲ
1087 2123 1326 2159 transsatoribus
1348 2124 1412 2172 ipsa
1437 2123 1556 2158 Biblica
1581 2126 1714 2159 nomina
1734 2127 1823 2161 inve-

366 2197 499 2230 niuntur
516 2190 596 2239 passa
608 2190 634 2236 ς)
657 2198 762 2223 tamen
784 2185 961 2234 genuinum
981 2184 1048 2230 ejus
1068 2197 1184 2219 nomen
1205 2183 1293 2219 fuisse
1305 2184 1447 2232 Ulphilas
1461 2183 1509 2219 vel
1526 2184 1638 2231 Ulfilas
1656 2188 1826 2231 ὁμςλψυμί-

364 2271 406 2290 ,ως
422 2253 572 2286 testantur
589 2250 754 2296 scriptores
772 2246 891 2285 Graeci,
919 2245 1075 2285 Socrates,
1095 2245 1335 2284 Theodorhus,
1363 2244 1568 2292 Nicephorus
1582 2244 1741 2285 Callistus,
1768 2245 1824 2279 So-

366 2323 521 2347 zomenus
542 2310 658 2355 aliique
680 2307 796 2354 plures.
838 2305 899 2339 His
919 2308 952 2339 ὅ(
972 2304 1223 2340 succenturiatur
1241 2306 1288 2339 R.
1301 2305 1460 2339 Abraham
1480 2304 1564 2339 Ariae
1582 2305 1770 2339 Mutinensis
1789 2306 1822 2339 in

368 2381 546 2416 Ξμ-ἩΠᾹΠ
577 2356 678 2410 ’φῖ-ρῳ
697 2365 835 2413 expresse
852 2365 1020 2400 nominans
1038 2379 1112 2401 eum
1135 2354 1343 2410 oxffirfflbw.
1385 2366 1461 2400 Hoc
1478 2376 1585 2400 autem
1603 2367 1739 2401 nominis
1756 2379 1822 2402 non

363 2446 1815 2467 W

410 2506 463 2553 (a)
488 2504 576 2539 Falsa
596 2505 699 2552 itaque
715 2502 888 2551 epigraphe
905 2501 1014 2536 statuae
1033 2502 1164 2543 Alarici,
1191 2511 1227 2537 ut
1249 2509 1389 2550 putatur,
1416 2497 1499 2547 apud
1517 2496 1680 2545 Peringsk.
1698 2495 1737 2532 ad
1754 2497 1821 2531 Co-

363 2566 499 2601 chlaeum
519 2578 550 2614 p.
566 2565 648 2602 262.
665 2576 736 2613 quae
753 2574 873 2597 annum
887 2573 959 2609 412
978 2562 1132 2601 venditat.

1748 2615 1819 2660 alia,
