2052 3023
168 262 283 287 xxxn

790 253 1405 306 PRAEFATIO.

368 339 466 377 Gothi
481 340 519 376 ab
537 353 566 374 eo
582 340 707 379 Doblore
723 340 889 388 (Ulphila)
907 341 951 376 ad
965 356 1079 378 verum
1097 346 1158 378 Dei
1175 343 1291 378 cultum
1308 347 1450 391 instituti,
1472 345 1514 384 ὠ·
1528 357 1579 394 per
1597 361 1664 384 eum
1683 351 1726 385 ad
1742 365 1831 387 man-

358 403 502 447 fitetiores
522 413 615 435 mores
635 400 781 448 perduc‘li,
808 403 840 435 in
859 403 995 437 omnibus
1016 406 1043 437 ei
1055 403 1157 450 facile
1176 404 1366 445 obediebant,
1393 407 1524 453 persuafi
1542 408 1621 443 nihil
1636 411 1675 445 ab
1696 424 1726 445 eo
1745 423 1831 459 turpe

365 462 428 496 dici
451 462 509 496 vel
519 462 591 508 fieri
604 474 614 502 3
641 460 694 503 led
712 464 814 495 omnia
833 461 925 509 dirigi
947 463 990 496 ad
1010 463 1182 498 utilitatem
1202 478 1314 507 corum,
1341 469 1394 512 qui
1414 466 1483 501 zelo
1502 470 1629 513 pietat&
1643 471 1830 517 fervebant.

365 524 546 571 Qnetiam
565 524 737 556 maximum
753 525 886 556 vit-tutti
902 523 967 566 ficae
985 523 1070 557 dedit
1081 525 1248 571 specimen,
1275 528 1434 560 innumera
1455 538 1506 573 pro
1521 527 1694 573 Christiana
1712 532 1832 580 religio-

365 597 401 618 ne
417 594 488 618 tunc
504 582 651 625 subeundo
667 581 812 629 pericula,
841 597 909 617 cum
926 583 1026 619 adhuc
1043 584 1176 627 barbari,
1201 598 1270 632 quos
1287 584 1435 625 diximus,
1459 586 1553 622 Gothi
1565 589 1728 636 profanam
1744 595 1832 627 Grae-

363 657 464 679 corum
479 657 559 678 more
576 643 730 678 coluerunt
744 643 929 691 religionem.
965 646 1013 678 En
1028 644 1220 693 Episcopum
1241 659 1299 693 pro
1311 645 1554 681 Christianismo
1571 649 1654 695 apud
1673 647 1741 683 suos
1756 662 1831 686 con.

363 704 520 739 firmando
536 713 631 750 atque
647 703 685 737 ad
703 703 780 737 alios
795 702 962 740 dilatando
979 706 1134 754 insignem
1152 706 1294 741 zelotem
1311 713 1317 740 !

411 764 443 812 §.
456 776 491 810 4.
519 763 743 798 Eruditionem
765 763 856 811 plane
876 766 1026 800 eximiam
1043 766 1179 813 Ulphilae
1200 767 1380 814 praedicant
1399 766 1574 814 Scriptores
1595 771 1626 802 &
1644 781 1691 802 res
1709 767 1772 815 ipsa
1788 766 1833 801 lo-

361 825 483 871 quitur.
527 823 616 857 Nam
638 822 737 856 literis
757 824 787 856 in
810 824 942 870 pueritia
967 824 1067 872 probe
1088 824 1178 860 fuiffc
1198 825 1389 866 institutum,
1417 826 1564 873 linguam
1587 828 1646 860 suae
1666 827 1771 874 gentis
1790 827 1834 861 ita

361 883 513 924 didicisse,
531 893 564 917 ut
580 882 721 917 defefius
738 881 907 930 naevoliquc
923 883 989 928 ejus
1007 885 1249 932 deprehenderit
1266 889 1297 919 &
1316 885 1459 933 supplere
1476 896 1570 934 atque
1587 887 1758 921 emendare
1775 898 1831 934 po—

362 944 473 984 tuerit,
490 943 660 991 Graecique
676 943 848 982 idiomatis,
869 943 1042 990 praesertim
1059 957 1124 992 quo
1142 945 1216 978 novi
1231 944 1431 978 Testamenti
1449 945 1520 979 libri
1539 946 1609 980 sunt
1624 947 1743 994 scripti,
1761 945 1832 980 fuis-

362 1004 393 1039 se
408 1004 642 1051 gnariffimum‚
664 1014 831 1051 procurata
849 1003 889 1038 ab
905 1015 945 1038 eo
961 1005 1048 1038 Sacri
1067 1004 1194 1039 Codicis
1212 1005 1242 1038 in
1260 1015 1338 1039 tunc
1356 1004 1544 1040 familiarem
1563 1008 1652 1053 genti
1672 1007 1745 1047 suae,
1772 1008 1833 1041 hoc

363 1064 421 1104 est,
444 1064 592 1098 Gothicae
612 1064 759 1110 linguam
778 1063 942 1098 transsatio
960 1067 1136 1107 ἀνω-αρ’ρἦως
1152 1064 1280 1098 evincit.
1317 1065 1467 1099 Graecum
1487 1066 1573 1100 enim
1591 1076 1715 1101 textum
1733 1065 1833 1100 trans-

359 1122 476 1158 ferenti
492 1121 531 1157 ad
550 1134 663 1157 manus
678 1121 768 1157 fuiffe
783 1134 822 1156 ex
840 1122 1124 1162 Adnotationibus‚
1138 1135 1213 1170 quas
1231 1124 1303 1157 huic
1322 1124 1455 1159 editioni
1473 1125 1693 1173 adsperfimus,
1705 1126 1830 1174 liquido

360 1184 496 1225 constat,
510 1183 709 1232 stric'timque
725 1187 756 1219 ὦς
774 1190 796 1217 ἐν
811 1186 912 1222 συνόψει
927 1182 1125 1216 ostendimus
1145 1181 1233 1230 supra
1249 1185 1323 1217 c.11.
1337 1188 1400 1226 §.z-
1413 1184 1496 1233 seqq.
1525 1186 1619 1231 Qin
1634 1189 1667 1220 ὅ(
1680 1188 1830 1220 Latinam

360 1245 457 1279 etiam
476 1243 616 1279 calluisse
632 1244 790 1290 linguam,
818 1241 890 1275 sunt
907 1243 962 1288 qui
981 1255 1019 1276 ex
1036 1243 1147 1276 eadem
1165 1243 1307 1276 versione
1324 1243 1495 1290 probatum
1512 1245 1639 1278 volunt.
1680 1249 1732 1279 An
1750 1245 1832 1279 didi-

359 1306 439 1341 cerit
457 1309 540 1340 inter
556 1304 813 1339 transferendum
831 1301 970 1336 Hebraea
987 1302 1151 1337 consulere
1169 1303 1309 1343 oracula,
1335 1316 1398 1338 non
1417 1303 1554 1339 ausimus
1573 1306 1731 1345 adserere,
1756 1305 1831 1339 licet

361 1370 393 1402 ὃ(
411 1366 483 1406 sint,
510 1367 565 1413 qui
587 1365 670 1398 hanc
690 1365 736 1398 illi
760 1363 903 1397 tribuant
924 1363 1183 1409 praerogativam.
1225 1364 1359 1397 Tamen
1381 1376 1419 1398 ex
1439 1362 1533 1398 di<ffis
1553 1365 1653 1400 claret
1670 1365 1832 1414 Ulphilam

360 1431 542 1466 πολύγλωτἹου
558 1422 660 1464 fuisse,
687 1423 823 1471 indeque
840 1421 965 1457 diffusae
982 1422 1171 1456 eruditionis
1189 1435 1308 1456 nomen
1327 1422 1519 1471 laudemque
1535 1423 1591 1458 fibi
1609 1424 1773 1472 peperiffe.

410 1485 441 1534 §.
457 1499 489 1533 5.
516 1485 557 1520 M
568 1485 734 1519 ERITA
755 1484 787 1517 in
804 1493 936 1530 gentem
953 1482 1181 1530 ecclesiamque
1197 1481 1284 1516 suam
1301 1482 1461 1530 speciatim
1477 1484 1591 1518 collata
1606 1485 1743 1532 Ulphilae
1759 1484 1830 1533 plu-

360 1560 396 1582 ra
413 1547 500 1582 fuere
514 1550 547 1581 ὃ(
564 1544 684 1592 lingula
699 1542 935 1579 exstantiffima.
984 1543 1072 1577 Nam
1095 1553 1304 1591 praeterquam
1324 1543 1412 1590 quod
1435 1544 1490 1592 pio
1508 1544 1593 1585 zelo,
1619 1546 1708 1593 cujus
1729 1547 1829 1580 modo

359 1607 578 1647 meminimus,
605 1605 757 1640 laborarit
774 1605 806 1638 in
825 1617 897 1639 vera
914 1604 1061 1639 do&rina
1083 1605 1167 1651 apud
1185 1604 1255 1639 suos
1274 1603 1461 1638 stabilienda
1481 1608 1512 1639 &
1529 1603 1569 1638 ad
1586 1605 1663 1640 alios
1680 1607 1826 1641 nondum

359 1670 530 1705 conversos
549 1668 768 1717 propaganda,
791 1667 935 1715 adeoque
952 1666 1028 1701 boni
1045 1665 1194 1714 Episcopi
1211 1665 1357 1711 sategerit
1375 1663 1485 1698 officiis
1505 1665 1694 1707 satisfacere,
1716 1665 1830 1700 conso.

360 1730 407 1764 nis
425 1730 661 1765 Historicorum
680 1728 867 1763 testimoniis
885 1726 1072 1777 perhibetur
1088 1729 1222 1774 proprias
1241 1725 1348 1761 Gothis
1365 1725 1473 1771 dedtffe
1490 1725 1608 1765 literas,
1631 1727 1652 1760 a*
1661 1727 1695 1770 J}
1712 1729 1829 1762 inven-

360 1800 419 1825 tas.
465 1791 507 1824 At
527 1789 596 1823 heic
614 1798 706 1823 caute
722 1786 969 1827 observandum,
996 1800 1035 1821 ne
1052 1786 1206 1821 statuatur
1223 1785 1366 1833 Ulphilas
1389 1785 1511 1832 primus
1533 1785 1684 1819 inveniffe
1701 1787 1828 1826 Runas,

359 1849 591 1899 antiquiffimos
608 1849 791 1884 Gothorum
810 1848 1019 1888 charadiereffi
1045 1848 1133 1896 queis
1153 1848 1170 1881 ὲ
1191 1847 1290 1894 patria
1307 1844 1518 1880 Scandinavia
1537 1845 1642 1880 secum
1661 1847 1828 1887 traductis,

359 1912 472 1960 procul
491 1911 579 1945 omni
599 1910 696 1944 dubio
711 1909 873 1957 hucusque
890 1909 973 1943 inter
989 1907 1018 1943 se
1036 1908 1160 1943 fuerant
1179 1906 1247 1950 usi3
1272 1905 1325 1941 sed
1338 1905 1479 1954 Ulphilas
1494 1907 1641 1946 moliens,
1665 1908 1694 1941 in
1714 1920 1828 1956 perne-

359 1972 520 2008 ceffariam
543 1970 688 2005 Ecclefiae
711 1969 774 2005 suae
796 1969 1042 2009 institutionem,
1069 1968 1162 2003 sacrae
1183 1969 1359 2016 Scripturae
1381 1965 1570 2006 versionem,
1598 1971 1629 2002 ὃ(
1649 1966 1828 2015 depreben-

359 2032 437 2067 dens
453 2033 562 2067 Runas
581 2032 684 2078 gentis
703 2029 764 2065 suae
784 2042 846 2064 non
871 2029 1012 2065 sufficere
1035 2042 1090 2078 per
1110 2028 1305 2077 paucitatem
1327 2026 1412 2061 suam
1435 2027 1628 2061 adornandae
1647 2027 1828 2061 transsatio-

359 2094 406 2134 ni,
433 2105 555 2128 novum
577 2091 818 2140 perfeetumque
836 2103 875 2125 ex
892 2092 993 2126 Runis
1009 2101 1106 2138 atque
1123 2100 1198 2124 tunc
1217 2090 1371 2136 temporis
1390 2087 1421 2121 in
1441 2087 1567 2121 Graecia
1585 2086 1701 2121 usitatis
1720 2087 1825 2122 litera.

360 2168 434 2190 rum
456 2152 690 2189 charaaeribus
709 2152 904 2199 excogitavit
925 2150 1144 2200 Alphabetum
1163 2162 1207 2196 25
1227 2149 1326 2183 literis
1346 2147 1500 2182 constans.
1546 2148 1615 2181 Has
1635 2147 1739 2182 literas
1760 2149 1824 2182 Ul-

361 2213 464 2261 pbilas
481 2211 544 2261 ipse
561 2212 695 2250 invenit,
713 2211 893 2258 Gothisque
912 2211 1054 2250 tradidit,
1078 2210 1224 2245 docendo
1243 2222 1308 2249 eos,
1326 2209 1377 2243 vel
1397 2205 1505 2242 saltem
1518 2207 1722 2252 juventutem
1739 2209 1823 2255 apud

362 2285 430 2313 εοε,
456 2273 524 2306 illas
544 2273 660 2319 legere,
689 2272 880 2319 intelligere,
909 2269 1041 2305 scribere
1062 2273 1092 2304 &
1111 2271 1271 2317 usurpare,
1300 2269 1461 2318 praecipue
1486 2269 1525 2303 ad
1548 2267 1635 2302 suam
1658 2268 1823 2304 Sacrarum

360 2334 526 2369 literarum
551 2332 728 2366 versionem
757 2333 876 2366 utiliter
901 2333 1069 2379 legendam
1094 2342 1186 2379 atque
1211 2330 1466 2377 intelligendam,
1495 2329 1599 2362 immo
1623 2331 1652 2362 ὃ(
1677 2329 1824 2378 deinceps

360 2394 401 2429 ad
421 2394 497 2428 alios
517 2391 674 2439 quossibet
695 2392 779 2426 usuS.
822 2392 912 2436 Qia
933 2393 991 2425 hac
1012 2391 1134 2425 ratione
1151 2389 1324 2425 Gothicam
1344 2398 1474 2436 gentem
1496 2387 1635 2421 reddidit
1651 2386 1822 2430 literatum,

360 2456 471 2504 utique
488 2453 543 2488 tali
563 2453 724 2487 literarum
744 2453 928 2486 inventione
947 2455 977 2486 δε
995 2451 1181 2492 traditione,
1204 2462 1263 2485 ceu
1279 2447 1523 2484 luculentissimo
1541 2447 1708 2488 beneficio,
1732 2450 1820 2484 illam

362 2514 419 2550 fibi
434 2512 541 2548 effecit
557 2511 839 2548 devinEliffimam.

1674 2628 1705 2677 §.
1720 2636 1752 2666 6.
1781 2633 1824 2664 At
