2052 3023
176 275 224 297 XX

766 262 1383 312 PRAEFATIO.

346 354 439 385 rivom
459 352 590 389 ἐπίσκοπος
609 352 663 384 π”π
681 357 778 388 arom
796 354 922 385 omiss-n.
956 352 995 384 σὺ
1014 353 1064 395 ,οἷς
1081 354 1216 390 ἐ’μστξοιθει
1235 352 1333 394 xeq'w,
1357 350 1408 384 rba*
1424 355 1451 384 ὠ
1469 353 1566 393 Νινωιῖςι
1585 353 1657 384 πίε-ιι
1675 351 1809 390 »ἶστηῖζετο

344 411 456 450 {niue-05
473 416 606 452 Θεοφίλῳ.
633 414 658 447 25
677 417 699 446 ἵ
714 414 815 444 ris-sm
836 412 967 448 ἔπῖσκοππς
988 409 1028 453 ἓν,
1056 413 1088 451 ἦ
1106 416 1133 445 οἷν
1149 415 1247 453 Νιιιῃίςε
1268 413 1356 452 wuido>
1378 413 1464 454 παςὶιν
1485 413 1682 451 χριθόπχκψι.
1726 411 1809 444 Huic

344 471 500 517 (concilio
517 470 876 518 Constantinopolitano
889 473 937 505 III
953 482 1038 504 anno
1053 472 1138 516 360)
1161 470 1303 518 Ulphilas
1322 470 1488 505 Gothorum
1505 469 1651 518 episcopus
1669 480 1735 505 tum
1749 471 1811 516 pri·

345 543 431 564 mum
451 530 676 575 affentiebatur,
703 542 777 563 nam
793 538 886 564 antea
903 528 1062 576 amplexus
1076 528 1189 575 fuerat
1206 531 1361 563 Nicenam
1374 530 1484 574 fidem,
1504 529 1653 577 sequutus
1670 530 1810 576 veHigia

346 590 500 637 Theophili
519 589 692 625 Gothorum
716 589 852 636 episcopi,
878 590 931 636 qui
953 591 985 622 in
1004 590 1122 623 Niceno
1141 587 1274 625 Concilio
1294 588 1433 636 praesens‚
1458 589 1584 624 decretis
1605 591 1667 636 ejus
1681 588 1811 634 fhbscri-

341 649 451 696 pserat.
493 650 554 683 Pro
571 650 771 691 ῳθυήκαψι,
796 649 897 683 editio
915 648 1042 685 Roberti
1059 649 1207 696 Stephani
1230 649 1326 683 habet
1348 657 1372 693 ’ς
1393 651 1599 691 κ’χ’ὑπέρςαφε,
1626 660 1698 695 quae
1714 647 1812 682 leffio

346 720 380 743 ut
398 720 434 743 ut
450 710 493 744 ita
510 707 634 748 vitiosa,
661 718 696 743 ut
713 708 811 743 etiam
831 708 917 743 sensu
935 719 1052 748 careat,
1079 711 1110 743 ὃ(
1130 707 1270 742 versione
1288 707 1448 753 Caffiodori
1464 709 1497 742 in
1512 708 1694 756 Tripartita
1712 706 1811 741 lib.v.

343 782 412 818 cap.
428 773 471 820 38
497 769 668 810 refutetur,
695 769 801 818 placet
827 780 935 805 tamen
955 769 1122 817 christoph.
1140 769 1244 806 Sando
1272 769 1357 804 Hist.
1383 768 1504 804 Eccles.
1518 782 1565 805 11.
1593 783 1624 818 p.
1641 769 1706 805 168
1732 767 1810 802 dum

344 832 485 880 anquirit
501 830 686 866 consensum
705 842 771 866 tam
788 841 931 867 veterum
950 844 1046 880 quam
1065 831 1279 866 recentiorum
1301 831 1333 866 in
1352 831 1505 879 dogmate
1523 830 1653 866 Ariano.
1695 829 1811 864 sedem

345 891 553 941 episcopalem
571 892 751 941 Theophili
772 905 836 927 non
858 893 961 928 habeo
977 892 1094 932 dicere,
1120 896 1153 927 &
1169 904 1284 940 vagam
1301 891 1392 927 fuisse
1409 903 1502 941 puto,
1529 902 1595 927 tam
1613 892 1697 927 illius
1716 901 1811 940 quam

344 953 554 989 successorum
578 954 679 1003 longo
703 953 772 1002 post
793 964 951 1001 tempore,
978 967 1037 1002 pro
1059 954 1244 989 conditione
1267 953 1361 1002 ipsius
1383 953 1508 989 Gentis.
1548 955 1586 989 Id
1609 953 1711 988 solum
1734 951 1812 987 dici-

345 1025 411 1056 tur,
439 1015 606 1052 Gothorum
622 1018 655 1052 in
670 1018 774 1052 Dacia
790 1015 958 1064 episcopum
971 1015 1078 1064 fuiſje.

949 1104 978 1139 C
1005 1107 1032 1140 A
1060 1105 1095 1139 Ρ.
1148 1106 1207 1140 V1.

344 1185 376 1233 ξ.
392 1198 424 1222 1.
501 1188 571 1222 UB
591 1186 662 1222 filiis
679 1186 882 1223 Constantini
900 1185 1027 1221 nullum
1045 1185 1194 1220 adversus
1211 1186 1376 1219 Romanos
1392 1185 1509 1221 bellum
1526 1185 1699 1233 gesserunt,
1725 1195 1811 1219 reve-

525 1251 626 1285 rentia
645 1250 784 1284 nominis
801 1246 1068 1285 Constantiniani,
1097 1259 1170 1280 nam
1189 1245 1251 1279 illis
1269 1257 1398 1294 quoque
1417 1247 1565 1285 mortuis,
1592 1259 1661 1281 cum
1678 1247 1815 1293 Procopio

343 1308 464 1344 auxilia
482 1309 623 1356 mifiſjent
639 1308 753 1345 civilia
768 1307 845 1343 bella
860 1310 1017 1355 coeptanti,
1041 1316 1078 1341 ut
1093 1306 1138 1340 ait
1149 1308 1341 1340 Ammianus
1354 1318 1403 1339 xx
1410 1317 1477 1341 vu.
1491 1318 1560 1353 cap.
1572 1317 1610 1352 4,
1637 1307 1735 1341 Vilior
1749 1317 1815 1340 ma-

340 1371 435 1417 gister
450 1373 588 1417 equitum
604 1369 648 1404 ad
664 1367 776 1404 Gothos
793 1368 833 1412 esi
849 1368 963 1413 mtffus,
991 1369 1163 1414 cogniturus
1182 1375 1286 1414 aperte
1300 1378 1396 1414 quam
1414 1366 1449 1401 ob
1467 1366 1599 1412 cauffam
1618 1380 1694 1414 gens
1709 1369 1815 1402 amica

345 1433 506 1470 Romanis,
527 1429 750 1479 faederibusque
765 1432 904 1477 ingenuae
918 1430 1002 1477 pacis
1020 1429 1169 1476 obstrieta,
1186 1440 1339 1462 armorum
1353 1425 1481 1462 dederat
1497 1426 1688 1462 adminicula
1705 1427 1813 1463 bellum

344 1490 528 1538 principibus
544 1488 690 1537 legitimis
710 1489 868 1536 inferenti·
909 1487 975 1538 Q
995 1498 1030 1523 ut
1045 1489 1172 1536 fafflum
1183 1489 1282 1535 firma
1300 1487 1468 1534 defensione
1487 1497 1666 1535 purgarent,
1692 1487 1813 1523 litteras

347 1549 478 1598 ejusdem
496 1549 627 1584 obtulere
639 1550 785 1596 Procopii,
811 1557 847 1582 ut
860 1549 980 1595 generis
995 1548 1238 1593 Constantiniani
1251 1550 1413 1596 propinquo
1430 1549 1590 1595 imperium
1600 1546 1661 1592 fibi
1677 1546 1813 1581 debitum

340 1605 494 1660 siimpfiffe
517 1612 792 1649 commemorantis,
818 1612 976 1657 veniaque
1000 1608 1129 1657 dignum
1153 1608 1309 1654 afferentes
1335 1622 1475 1651 errorem,
1501 1608 1577 1642 ibid.
1599 1620 1668 1656 cap.
1682 1620 1714 1655 5.
1763 1607 1813 1641 Ad

348 1672 416 1707 haec
434 1670 579 1706 latiffime
599 1681 668 1705 turn
689 1671 858 1719 imperanti
876 1670 1119 1704 Hermanricho
1140 1669 1211 1704 satis
1229 1671 1349 1718 negotii
1366 1680 1433 1704 erat
1453 1681 1524 1703 cum
1548 1667 1712 1716 gentibus,
1738 1679 1813 1716 quas

348 1733 399 1767 vel
422 1731 623 1768 haereditario
641 1731 709 1777 jure
729 1730 872 1779 regebat,
898 1729 1134 1766 Ostro-Gothae
1154 1729 1244 1776 cujus
1265 1730 1470 1765 meminimus
1489 1741 1559 1778 cap.
1570 1742 1605 1775 4.
1624 1730 1651 1770 §.
1670 1741 1699 1775 5.
1718 1727 1815 1762 abne-

349 1805 419 1842 pos,
441 1793 491 1829 vel
511 1793 749 1841 perdomuerat,
768 1791 891 1840 Juiffiue
904 1791 1007 1839 parire
1022 1791 1139 1840 legibus
1148 1792 1285 1840 fecerat,
1309 1793 1381 1827 vide
1396 1790 1592 1839 Jornandem
1606 1791 1727 1825 Geticis
1743 1801 1814 1836 cap.

351 1866 409 1900 23.
432 1853 487 1901 qui
507 1851 666 1887 recenfitis
682 1850 918 1886 bellicofiffimis
935 1850 1045 1886 iisdem
1064 1851 1214 1900 gentibus
1230 1852 1361 1895 aretois,
1382 1852 1492 1887 addit:
1522 1852 1673 1896 AEstorum
1696 1850 1753 1898 (fic
1769 1849 1816 1883 le·

348 1925 389 1961 ge
405 1926 480 1948 cum
497 1912 675 1948 veterrimis
692 1911 785 1946 codd.
804 1923 871 1945 non
888 1912 1066 1957 AEstrorum,
1094 1911 1251 1947 Esthones
1273 1913 1433 1961 hodieque
1451 1911 1619 1957 dicuntur)
1642 1911 1814 1959 quoquest-

348 1974 465 2010 militer
478 1976 643 2014 nationem,
669 1977 722 2022 qui
744 1973 941 2021 longifflmam
964 1975 1064 2020 ripam
1085 1976 1188 2008 oceani
1210 1977 1387 2010 Germanici
1412 1975 1423 2022 (
1435 1983 1511 2021 puta
1535 1972 1629 2007 maris
1649 1973 1812 2017 Balthici,)

348 2035 489 2083 insident,
514 2034 594 2070 idem
609 2034 667 2082 ipse
681 2033 845 2083 prudentia
860 2047 897 2069 ac
914 2037 1037 2070 virtute
1049 2034 1184 2084 fhbegh,
1212 2036 1404 2084 omnibusque
1425 2033 1559 2083 Scythice
1576 2032 1617 2072 ό
1636 2035 1814 2068 Germania

347 2097 518 2134 nationibus
543 2109 580 2132 ac
597 2097 629 2141 fi
648 2097 774 2145 propriis
798 2094 911 2131 laribus
933 2098 1118 2144 imperavit.
1164 2097 1264 2131 Unde
1287 2098 1383 2131 etiam
1407 2095 1494 2130 reae
1511 2096 1697 2130 Ammianus
1709 2104 1812 2129 xxx1.

348 2172 417 2208 cap.
431 2171 463 2205 3.
492 2157 682 2193 Ermenrichi
698 2157 760 2193 late
774 2167 912 2206 patentes
930 2155 973 2195 ὠ·
988 2157 1088 2192 uberes
1105 2168 1196 2205 pagos
1211 2176 1242 2184 --
1255 2158 1454 2204 beHicofiffimi
1471 2159 1561 2204 regis,
1589 2155 1631 2194 ὠ·
1643 2166 1696 2203 per
1713 2154 1813 2189 multa

348 2221 503 2266 variaque
510 2218 640 2266 fortiter
647 2217 741 2265 faeta
755 2220 871 2253 vicinis
887 2216 1058 2252 nationibus
1067 2217 1249 2264 formidati.

398 2276 430 2324 ᾗ.
444 2290 476 2311 2.
503 2277 582 2321 Qa
599 2277 662 2311 fide
679 2276 801 2313 foedera
820 2289 897 2313 tunc
916 2277 998 2324 pacis
1014 2278 1174 2312 Romanae
1194 2277 1398 2318 servaverint,
1418 2277 1469 2312 vel
1488 2275 1562 2312 inde
1579 2274 1709 2323 colliges
1724 2275 1811 2322 quod

349 2335 557 2373 Constantius
576 2347 663 2369 anno
683 2336 761 2370 Chr.
777 2337 847 2383 360
869 2335 1016 2370 adversus
1037 2337 1144 2373 Persas
1166 2337 1284 2372 auxilia
1300 2337 1482 2382 Scytharum
1505 2337 1518 2382 (
1530 2335 1571 2369 fic
1593 2336 1721 2372 Gothos
1742 2334 1813 2369 heic

353 2394 417 2431 loci
442 2392 581 2442 appellat
603 2393 792 2427 Ammianus
811 2404 869 2428 xx.
893 2405 963 2441 cap.
980 2395 1027 2441 8.)
1056 2394 1194 2443 poscebat
1216 2393 1352 2430 mercede
1373 2393 1434 2429 vel
1452 2396 1570 2441 gratia,
1596 2405 1692 2442 quam
1720 2392 1813 2441 ipsius

350 2455 554 2506 prudentiam
570 2453 778 2488 vehementer
794 2453 904 2488 laudat
920 2455 1068 2491 Libanius
1085 2456 1297 2504 Panegyrico.
1335 2454 1482 2502 Julianus
1499 2457 1678 2503 Imperator
1695 2453 1812 2488 Gothis

350 2526 507 2565 quantum
526 2513 676 2549 tribuerit
696 2513 781 2548 idem
799 2516 987 2550 Ammianus
1008 2517 1102 2551 docet
1123 2516 1310 2552 lib-xxnx.
1329 2528 1395 2564 cap·
1413 2528 1445 2551 2.
1468 2529 1537 2550 cum
1558 2515 1719 2563 legationes
1736 2527 1813 2562 gen·

351 2578 431 2612 tium
445 2575 647 2626 plurimarum
663 2574 782 2611 auxilia
802 2574 1005 2623 pollicentium
1022 2577 1188 2613 liberaliter
1197 2576 1345 2626 fiifieptae
1363 2576 1608 2616 remittebantur,
1626 2574 1757 2624 speciofiz
1769 2575 1813 2621 fi-

1723 2634 1813 2671 (lucia
