2052 3023
128 293 283 318 XXXVIII

765 281 1383 332 PRAEFATIO.

398 373 435 406 In
456 370 627 407 subfidium
647 371 759 406 vocavi
779 370 922 418 linguam
941 370 1265 419 Anglo-Saxonicam‚
1292 369 1381 413 cujus
1400 369 1506 403 amico
1526 369 1645 405 auxilio
1665 369 1808 418 saepenu·

349 444 438 466 mero
457 445 529 466 vera
545 444 661 467 vocum
679 433 875 480 quarundam
893 444 967 466 raro
981 432 1222 466 occurrentium
1238 429 1427 477 significatio
1443 430 1513 463 erui
1529 429 1642 477 potest,
1661 443 1758 478 quam
1776 432 1808 465 in

348 493 461 526 ceteris
477 492 594 539 linguis
610 494 752 539 cognatis
769 491 882 526 frustra
896 490 1084 539 quaefiveris.
1123 490 1281 538 Exempla
1299 490 1438 536 plurima
1452 488 1548 523 habes
1566 500 1632 524 tam
1650 491 1682 524 in
1699 489 1809 525 nostris

350 554 396 588 his
415 554 511 592 notis,
535 565 631 600 quam
649 553 681 586 in
697 551 858 586 Gloss'ario
874 552 1020 586 Gothico
1036 553 1054 585 ὲ
1069 551 1237 585 Francilco
1253 550 1352 597 Junio
1369 549 1555 598 linguarum
1571 552 1811 599 Septentriona·

349 615 428 648 lium
448 613 656 648 instauratore
671 612 814 661 principe
830 615 860 646 ὅ(
878 610 1030 646 indefeflo
1048 614 1199 656 ἑψδιάκτῃ
1215 612 1316 646 edito.

402 673 550 720 Anglica‚
576 685 649 721 quae
670 686 742 708 cum
760 673 897 707 Suecicis
914 682 1010 720 atque
1027 672 1177 707 Gothicis
1195 671 1407 710 conveniunt,
1433 669 1578 719 apposui,
1603 681 1640 706 ut
1660 680 1731 705 tum
1752 682 1812 705 no-

348 734 457 769 strates
477 744 546 769 tum
565 733 657 768 Sueci
673 732 803 767 videant
823 745 919 780 quam
941 732 1104 768 manifesta
1122 731 1267 780 vestigia,
1293 732 1361 765 imo
1376 742 1453 765 vero
1473 743 1570 779 quam
1591 742 1708 778 magna
1728 740 1809 777 pars,

350 795 508 841 majorum
530 793 710 828 nostrorum
731 793 850 840 linguae
869 791 909 826 ad
931 793 1016 827 hunc
1035 792 1133 841 usque
1152 792 1236 825 diem
1260 790 1401 839 superfit.
1442 791 1475 825 Si
1496 791 1626 825 Suecica
1646 802 1711 824 non
1731 788 1812 824 adeo

348 853 436 888 reC’oe
452 853 613 887 interdum
632 851 692 886 fiut
710 850 860 899 impreffi,
881 849 913 884 id
930 852 1010 885 mihi
1026 850 1115 885 facile
1131 850 1377 890 condonabitur,
1395 861 1484 888 cum,
1500 859 1632 896 propter
1647 847 1810 883 defeEIum

347 913 513 948 literarum
526 912 722 961 quarundam
739 910 788 946 illi
800 911 902 945 Genti
919 910 1110 959 pereruditae
1126 909 1346 958 peculiarium,
1359 907 1427 943 fieri
1443 920 1507 943 non
1524 910 1641 957 potuit,
1655 918 1689 942 ut
1705 919 1742 942 ea
1756 905 1812 942 ali-

347 982 398 1007 ter
412 973 607 1007 exhiberem.

399 1035 485 1069 Dedi
501 1031 772 1072 Grammaticam,
796 1043 891 1080 quam
908 1030 1032 1066 confeci
1049 1031 1089 1066 ad
1107 1031 1245 1065 eundem
1265 1029 1358 1079 plane
1375 1030 1508 1066 modum
1528 1041 1603 1065 cum
1620 1028 1672 1065 illa
1689 1028 1813 1076 Anglo-

348 1092 518 1134 saxonica,
542 1104 639 1140 quam
656 1090 810 1125 Francisci
825 1091 912 1138 Junii
928 1090 1158 1138 Etymologico
1174 1090 1354 1137 Anchano
1370 1088 1519 1138 praemisi.
1560 1088 1647 1123 Mihi
1664 1089 1809 1136 quidem,

348 1151 472 1188 etiamsi
494 1149 636 1186 Hickefii
661 1148 759 1184 nostri
784 1146 1060 1183 observationibus
1083 1148 1209 1192 adjuto,
1233 1147 1389 1183 laboriosa
1411 1148 1502 1194 hujus
1524 1147 1625 1182 libelli
1648 1147 1810 1183 confetffio

348 1210 423 1246 fuit.
460 1211 620 1245 Laborem
637 1218 722 1243 certe
737 1206 884 1242 nonnihil
900 1206 1060 1242 minuiffet
1074 1206 1239 1242 Lamberti
1257 1209 1377 1242 Kateni
1393 1208 1636 1254 Gemeenschap
1651 1206 1752 1241 tuffen
1768 1205 1810 1241 de

349 1269 521 1306 Gottische
544 1268 672 1317 spraeke
694 1280 734 1303 en
759 1269 798 1303 de
818 1266 1099 1315 Nederduytsche‚
1129 1266 1153 1302 si
1177 1268 1208 1301 in
1235 1276 1383 1315 tempore
1406 1266 1446 1301 ad
1470 1278 1584 1301 manus
1609 1265 1810 1315 perveniffet.

349 1329 461 1366 Brevis
477 1328 521 1366 est
535 1329 769 1369 Grammatica‚
795 1328 861 1368 sed,
884 1328 933 1362 uti
948 1327 1050 1375 spere,
1078 1339 1143 1361 non
1160 1325 1307 1366 obscura,
1333 1337 1392 1360 nec
1407 1324 1541 1365 inutilis,
1566 1326 1655 1373 cujus
1672 1338 1732 1375 ope
1748 1327 1811 1362 Le—

348 1390 433 1427 stori
447 1387 573 1427 curioso
586 1388 708 1437 linguae
722 1388 873 1425 Gothicae
889 1386 1064 1435 penetralia
1080 1384 1163 1421 facili
1179 1385 1312 1433 negotio
1326 1384 1437 1421 licebit
1451 1386 1586 1433 aperire.

1531 2327 1810 2366 GRAMMA.
