2052 3023
154 277 282 301 XXVIII

777 269 1394 322 PRAEFATIO.

358 367 389 390 v-
405 355 488 401 632.
914 361 1032 394 Domat
1047 360 1151 406 aspera
1167 361 1264 396 victos

648 420 823 465 Pauperies,
849 432 964 467 unoque
982 419 1030 454 die
1046 422 1189 455 Romana
1203 420 1340 469 rependit

648 476 811 524 quuid
824 487 869 512 ter
886 477 969 512 denis
986 480 1063 512 acies
1080 480 1234 522 amifimus
1250 482 1350 514 annis.

647 541 676 572 O
693 536 872 572 celebranda
889 537 966 572 mihi
983 539 1094 573 cunetis
1111 538 1256 573 Pollentia
1267 539 1376 583 seclis!

647 601 677 632 Ο
694 600 838 633 meritum
853 610 961 632 nomen
968 596 1117 645 felicibus
1133 607 1209 643 apta
1225 598 1383 645 triumphis
1398 604 1404 632 !

647 660 776 693 Virtutis
786 657 894 707 fatale
903 657 1014 702 solum,
1039 657 1233 693 memorabile
1249 658 1366 704 bustum

647 719 821 755 Barbariae.

353 779 414 814 Sed
433 779 502 813 haec
518 780 551 813 in
568 778 759 818 transcursu.

403 838 435 887 §.
448 850 484 885 4.
510 841 561 874 De
579 840 764 876 Athanarici
784 839 816 874 in
835 837 1037 875 Christianos
1058 839 1134 874 odio
1154 842 1188 874 &
1209 839 1426 888 persecutione
1446 839 1584 875 diximus
1605 852 1674 888 cap.
1692 845 1723 875 6.
1744 840 1770 881 §.
1786 840 1819 875 8.

354 898 407 935 sed
425 899 613 934 conversum
633 900 695 935 effe
714 899 885 936 confirmat
902 900 1029 945 Isidorus
1041 915 1051 935 .·
1075 899 1291 936 Athanaricus
1311 903 1518 947 Fritigernum
1534 899 1669 935 Valentis
1686 902 1820 946 Impera·

354 964 424 996 toris
435 960 584 1009 ficffragio
596 962 753 1010 fitperam,
779 962 866 1010 hujus
885 964 928 997 rei
948 965 1055 1010 gratia
1075 961 1189 1009 legatos
1208 974 1278 997 cum
1293 962 1465 997 muneribus
1484 960 1529 996 ad
1544 960 1671 996 eundem
1687 964 1820 1009 Impera-

353 1031 450 1057 torem
466 1025 580 1064 mittit,
607 1023 650 1062 (θ’
661 1023 786 1060 Δοὲἶονσς
802 1032 921 1071 propter
938 1022 1154 1071 suscipiendam
1171 1021 1352 1069 Chrtstianae
1363 1021 1438 1069 fidei
1454 1021 1592 1070 regulam
1607 1021 1711 1070 poscit.
1747 1020 1819 1054 Nec

353 1081 375 1116 s1
398 1083 429 1117 in
453 1095 560 1117 errore.
581 1084 693 1131 gentili
715 1083 884 1124 manfiffet,
912 1094 1083 1118 mortuum
1109 1082 1281 1131 magnifico
1303 1083 1412 1118 funere
1433 1082 1591 1119 extulisset
1611 1080 1819 1118 Theodofius

352 1146 532 1192 Imperator
550 1145 810 1192 religiofiffimuS,
837 1145 897 1194 ipse
912 1158 1029 1193 quoque
1045 1148 1078 1181 in
1094 1145 1240 1193 exsequiis
1251 1146 1371 1192 feretro
1389 1147 1452 1191 ejus
1470 1147 1608 1191 praeiens,
1636 1155 1670 1179 ut
1688 1145 1729 1178 ait
1740 1142 1820 1191 Jor-

349 1203 463 1239 nana'es
484 1216 554 1252 cap.
569 1205 627 1240 28.
675 1206 809 1239 Arianos
830 1202 919 1238 fuiffe
942 1204 1036 1238 hosce
1061 1202 1210 1237 doe‘cores
1235 1215 1300 1235 non
1323 1202 1550 1243 inficiabimur,
1577 1207 1607 1237 ὃ(
1629 1204 1757 1237 Gothos
1779 1201 1818 1235 eb

349 1265 496 1300 seductos
522 1277 558 1300 ut
581 1265 693 1314 populi
715 1264 885 1313 appellatio
907 1263 941 1296 in
964 1261 1164 1310 profeffionis
1188 1260 1345 1296 dmstriuae
1368 1274 1488 1297 nomen
1512 1262 1681 1302 tranfierit,
1709 1262 1820 1298 Gothi-

348 1326 461 1376 cufiJue
481 1325 567 1362 idern
588 1325 664 1361 effet
684 1338 721 1360 ac
740 1326 886 1366 Arianus,
912 1324 990 1372 quin
1011 1327 1043 1358 &
1062 1322 1345 1375 Constantinopoli
1369 1323 1428 1357 suae
1446 1323 1538 1359 seecae
1557 1323 1742 1373 episcopum
1764 1324 1821 1359 ha-

349 1387 489 1424 buerint.
536 1386 617 1420 Non
637 1385 768 1420 deerant
791 1394 900 1418 tamen
921 1385 974 1432 qui
995 1384 1186 1420 catholicam
1208 1385 1389 1420 doCtrinam
1413 1383 1654 1433 profiterentur,
1679 1399 1716 1421 ac
1736 1389 1818 1424 mira

347 1448 409 1484 Dei
431 1447 632 1495 providentia
654 1444 777 1480 fastum
795 1443 840 1479 est
858 1444 947 1493 quod
967 1445 1131 1493 Johannes
1146 1445 1398 1495 Chrysostomus
1416 1458 1503 1480 anno
1519 1449 1587 1495 398
1608 1447 1817 1496 archiepisco-

347 1522 407 1558 pus
430 1506 807 1555 Constantinopolitanus
834 1505 1092 1542 constitueretur.
1142 1507 1301 1556 Repreffit
1326 1520 1410 1543 anno
1429 1518 1504 1554 400
1530 1509 1585 1556 pio
1610 1508 1722 1543 ardens
1746 1509 1817 1544 zelo

348 1569 488 1605 Gainam
505 1569 667 1608 Gothum,
694 1567 902 1602 vehementer
921 1577 1096 1615 petentem,
1125 1577 1162 1602 ut
1181 1567 1287 1616 aliqua
1308 1567 1504 1603 ecclefiarum
1525 1569 1608 1602 intra
1627 1571 1746 1605 moenia
1764 1583 1817 1605 ur-

348 1631 396 1666 bis
415 1630 525 1678 regiae,
552 1628 614 1663 suae
633 1627 726 1663 seetae
744 1629 985 1669 concederetur,
1012 1641 1070 1664 nec
1091 1626 1192 1677 paffus
1211 1628 1254 1664 est
1272 1628 1444 1665 Arcadium
1463 1632 1695 1677 Imperatorem
1717 1631 1748 1666 id
1769 1631 1818 1666 in·

347 1692 493 1739 dulgere,
519 1691 595 1725 licet
610 1691 739 1730 Gainas,
762 1689 831 1736 jam
850 1688 1022 1725 Praefe&us
1038 1689 1161 1724 militiae
1177 1689 1329 1725 instanter
1345 1689 1524 1738 postularet,
1550 1693 1579 1724 ὃ(
1598 1689 1814 1726 defec‘tionem

348 1754 524 1789 minaretur
546 1751 604 1787 nifi
625 1750 796 1792 obtineret,
823 1751 898 1786 vide
920 1755 1126 1788 sozomenum
1149 1751 1202 1786 lib.
1216 1764 1305 1788 v111.
1329 1764 1396 1799 cap.
1410 1762 1447 1797 4.
1473 1750 1694 1787 Theodoretum
1715 1752 1770 1786 lib.
1784 1765 1815 1787 v.

347 1826 417 1862 cap.
430 1826 488 1860 32.
523 1812 641 1860 Neque
657 1812 716 1847 hac
731 1824 795 1847 una
812 1811 933 1846 ratione
954 1810 1156 1847 orthodoxiae
1175 1811 1347 1861 prospexit,
1375 1812 1425 1847 sed
1447 1815 1480 1846 ὃ(
1495 1823 1568 1846 cum
1587 1812 1760 1860 aliquando
1779 1815 1814 1848 in

347 1873 478 1910 ecclefia
502 1873 534 1907 S.
552 1873 645 1908 Pauli
669 1871 890 1907 convenissent
916 1873 1031 1916 Gothi,
1058 1871 1160 1921 juffit,
1189 1885 1228 1908 ex
1254 1872 1398 1908 verfione
1423 1873 1563 1908 Gothica
1589 1873 1720 1921 praelegi
1745 1875 1816 1909 loca

347 1934 494 1983 quaedam
513 1934 546 1967 S.
558 1933 742 1980 Scripturae,
766 1935 798 1967 &
815 1930 921 1980 postea
933 1932 1081 1967 Gothum
1100 1933 1322 1980 presbyterum
1337 1932 1480 1967 Gothice
1496 1934 1687 1968 concionari.
1726 1935 1813 1968 Hinc

348 1996 412 2044 ipse
433 1992 651 2028 facundiffima
672 1992 806 2027 homilia
825 1995 858 2026 &
875 1991 1007 2039 gentiles
1027 1996 1057 2026 ὃ(
1073 1992 1201 2040 Judaeos
1220 1992 1261 2028 ad
1281 1993 1520 2028 aemulationem
1542 1995 1646 2041 gentis
1663 1993 1812 2030 Barbarae

347 2053 536 2103 provocavit
557 2050 763 2092 submonenS‚
789 2054 821 2085 ὅ(
840 2051 1056 2085 Abrahamum
1081 2050 1255 2086 Barbarum
1281 2050 1383 2095 fuisse,
1410 2053 1441 2087 in
1468 2053 1575 2087 medio
1597 2053 1809 2087 Barbarorum

347 2115 535 2156 versantem,
562 2117 593 2149 &
614 2114 746 2160 MagOS,
771 2113 826 2161 qui
848 2124 887 2147 ex
909 2113 1032 2146 oriente
1052 2124 1209 2148 venerunt
1231 2115 1326 2162 primi
1347 2125 1454 2149 ortum
1477 2113 1595 2148 Christi
1618 2115 1811 2148 annuntian-

347 2186 406 2218 tes,
433 2174 587 2210 Barbaros
612 2171 713 2208 fuiffe.
762 2176 807 2210 Mn*
828 2178 902 2209 ulum
922 2176 1031 2217 αἰχύιίω
1056 2175 1097 2208 ait
1121 2175 1268 2210 Homini
1292 2174 1569 2221 ConstantInopoli
1594 2174 1701 2208 habita
1725 2187 1810 2209 anno

351 2249 432 2284 399,
458 2249 555 2284 quam
578 2235 699 2283 primus
720 2233 821 2269 edidit
837 2235 942 2270 Tom.
960 2248 1035 2270 xn-
1059 2249 1092 2285 p.
1106 2248 1186 2282 371.
1217 2235 1459 2283 Montfauconus
1480 2234 1512 2270 ’ἧς
1529 2235 1639 2272 vivemus
1655 2241 1698 2271 τῖς
1716 2241 1811 2271 ἐκκλη-

346 2300 412 2337 σίαις,
437 2298 470 2329 ἀ’-η
484 2298 615 2339 plagalem
632 2300 663 2332 εἷς
680 2301 750 2334 μέσον
767 2299 892 2338 &vas-hm
911 2298 957 2330 xa)
974 2301 1048 2330 εἷπεῖι
1066 2303 1302 2340 παςεσκιυάσαμεν·
1328 2303 1392 2332 τὲτο
1407 2297 1458 2337 γές
1475 2301 1516 2329 τῖε
1537 2297 1672 2328 ἐκκλησίαις
1692 2294 1810 2334 »(ᾹνμΘΑ,

345 2363 410 2393 vsu
427 2358 606 2395 υλλώπτσμςι,
627 2361 695 2390 τῆνο
711 2361 754 2390 τνῖς
769 2360 797 2389 ὠ
814 2358 847 2395 ἦ
861 2356 930 2389 m's-en
946 2356 1068 2393 ὣνάμιως
1087 2357 1214 2394 λ’,ιίδκξις,
1241 2368 1276 2388 ne
1296 2366 1363 2401 ergo
1382 2355 1449 2400 quis
1471 2361 1560 2399 putet
1579 2352 1613 2385 id
1632 2352 1738 2398 pudori
1757 2354 1810 2399 effe

345 2415 485 2460 ecclesiae,
511 2413 593 2462 quod
609 2414 748 2449 barbaros
768 2418 800 2449 in
817 2415 914 2449 medio
925 2415 1047 2463 surgere
1064 2416 1106 2454 ά
1123 2415 1203 2462 loqui
1221 2414 1462 2460 praeceperimus.
1502 2413 1569 2446 Hoc
1587 2414 1666 2445 enim
1683 2411 1810 2459 ecclefiae

346 2484 466 2509 ornatus
490 2473 532 2512 ὠ·
547 2473 646 2512 decor,
673 2473 737 2508 haec
754 2473 963 2518 demonstratio
986 2476 1023 2519 est
1045 2477 1176 2508 virtutis
1195 2484 1264 2520 quae
1284 2474 1315 2505 in
1329 2469 1394 2517 fide
1411 2471 1468 2512 fita
1488 2471 1539 2514 est,
1566 2471 1637 2504 vide
1659 2480 1759 2505 cetera
1775 2475 1807 2506 ὅ(

348 2534 565 2570 Theodoretum
584 2534 770 2568 scribentem
785 2535 826 2568 V.
848 2546 915 2581 cap.
932 2546 989 2579 30,
1015 2535 1101 2582 quod
1126 2532 1315 2580 singularem
1336 2529 1613 2577 Constantinopoli
1631 2529 1808 2577 affignave-

348 2595 387 2628 rit
406 2592 581 2634 calefiam,
610 2593 738 2628 Gothos
760 2592 952 2628 ordinaverit
972 2591 1186 2640 presbyteros,
1213 2591 1362 2625 diaconos
1383 2593 1414 2624 δι
1432 2589 1578 2631 leRores,
1606 2590 1682 2639 quin
1704 2593 1735 2624 &
1754 2589 1809 2624 sae.

1739 2662 1807 2698 Plus
