2052 3023
166 262 241 287 vtu

774 254 1390 314 PRAEFATIO.

347 339 535 391 “colloquii
557 342 705 378 materias
729 342 792 379 sese
811 342 929 380 obtulit
947 357 988 381 1v
1003 346 1278 394 Evangelistarum
1299 347 1421 391 codex,
1445 350 1501 400 qui
1516 355 1694 402 Argenteus
1711 354 1814 404 vulgo

345 410 372 428 ‘⁸
381 403 573 452 appellatur,
600 407 634 440 ὃ(
653 405 687 438 in
704 405 872 453 Upsalenfi
896 405 1092 442 bibliotheca
1114 420 1203 444 nune
1224 409 1406 451 asservatur,
1431 424 1527 460 quem
1548 414 1728 463 Francilbus
1745 415 1815 464 Ju-

346 467 461 505 “nius‚
488 464 535 500 vir
555 464 795 509 eruditiffimus,
819 479 903 501 anno
921 469 1025 512 1665,
1052 468 1258 510 Dordrechti,
1286 468 1344 504 sub
1364 472 1497 506 nomine
1513 474 1608 510 Nom·
1628 474 1815 522 Testamenti

344 528 368 547 “
380 525 508 560 Gothici
526 524 640 565 edidit,
667 528 700 560 &
716 524 757 560 ab
772 526 900 573 Ulphila
916 528 1104 563 Gothorum
1124 528 1285 577 episcopo,
1313 530 1488 566 versionem
1505 532 1596 568 istam
1613 534 1732 570 faetam
1748 534 1811 571 effe

344 585 525 630 “credidit‚
551 597 648 633 quam
667 584 759 625 illius,
786 596 823 621 ut
838 590 869 621 δι
883 586 1001 634 Jacobi
1015 587 1135 634 Uffirii,
1162 590 1291 624 maximi
1310 590 1382 632 viri,
1408 592 1592 638 opinionem
1610 594 1739 642 plurimi
1756 608 1809 630 ex·

343 644 465 684 “inde,
492 644 554 679 sine
571 645 717 679 ulteriori
732 646 947 694 disquifitione
965 647 1061 682 secuti
1079 648 1162 688 sunt,
1189 650 1393 697 crediturque
1409 650 1511 698 vulgo
1527 650 1702 688 Gothicam
1720 653 1808 689 istam

341 704 616 740 “transsationem
638 718 677 741 ex
696 708 814 741 Graeco
834 707 925 742 fonte
948 708 1142 757 profluxiffe.
1194 709 1267 756 Ego
1289 710 1367 752 dixi,
1394 722 1446 743 me
1467 711 1508 745 de
1528 711 1612 746 hisce
1631 713 1725 747 rebus
1743 725 1808 747 non

343 772 489 814 “parum
508 765 664 807 dubitare,
693 768 856 816 magisque
877 769 908 802 in
931 781 1001 803 earn
1015 770 1221 817 propendere
1244 770 1454 805 sententiam:
1481 761 1541 805 esse
1561 771 1807 820 antiquIsfimam

342 834 367 851 “
379 828 459 861 hanc
477 826 728 870 transsationem,
757 840 822 862 non
839 829 1007 864 Gothicam
1025 827 1077 863 sed
1095 832 1327 870 Germanicam,
1353 829 1537 879 fadtamque
1557 844 1595 866 ex
1613 833 1733 866 Latino
1752 844 1807 866 co-

342 889 460 929 “dice,
486 900 523 923 ac
548 889 592 923 ita
614 888 678 923 fine
703 887 917 924 fundamento
937 889 1073 937 Ulphilae
1094 889 1240 926 adscribi.
1292 891 1416 925 Protuli
1442 892 1582 925 breviter
1603 902 1805 940 argumenta,

340 949 488 997 “quibus
509 950 589 984 hanc
607 963 711 984 meam
732 951 916 985 sententiam
936 950 1071 985 stabilire
1090 952 1194 992 volui,
1222 963 1293 1000 quae
1314 953 1372 986 bac
1393 950 1540 986 schedula
1559 964 1646 987 nunc
1665 963 1805 1000 repetere

339 1011 460 1045 “libet.
513 1013 677 1046 Caeterum
701 1010 756 1046 ubi
781 1012 862 1059 saepe
880 1011 1001 1047 dietam
1018 1012 1196 1047 versionem
1220 1026 1283 1047 non
1300 1013 1402 1048 videri
1424 1013 1484 1047 effe
1501 1014 1676 1054 Gothicam,
1703 1026 1804 1062 nuper

338 1072 450 1111 “dixi,
475 1071 507 1105 id
529 1071 667 1119 intelligi
685 1071 763 1105 volo
780 1085 819 1107 ex
837 1084 948 1106 eorum
971 1073 1154 1121 hypothesi,
1180 1075 1235 1122 qui
1253 1075 1380 1108 Gothos
1399 1087 1440 1109 ex
1463 1072 1523 1107 sola
1543 1070 1751 1108 Scandinavia
1769 1087 1802 1108 e-

338 1139 361 1155 “
374 1132 499 1181 rupiffe,
528 1136 560 1167 &
579 1133 735 1179 linguam,
758 1145 819 1181 qua
835 1143 957 1167 veteres
974 1134 1093 1168 Sueciae
1114 1134 1228 1168 incolae
1246 1145 1314 1168 tum
1335 1135 1486 1182 temporis
1505 1132 1730 1182 loquebantur,
1757 1133 1802 1168 se-

339 1198 446 1228 “cum
466 1195 497 1227 in
517 1195 697 1241 peregrinas
712 1204 809 1228 terras
823 1193 1011 1228 transtulissc
1026 1194 1177 1234 statuunt,
1194 1196 1280 1228 unde
1297 1198 1328 1228 ὅ(
1342 1195 1434 1228 Sueci
1451 1195 1597 1228 hodierni
1615 1193 1704 1229 suum
1722 1196 1803 1229 idio·

338 1261 425 1287 “ma
442 1267 500 1301 pro
519 1253 644 1288 Gothico
662 1252 791 1292 habent,
820 1253 868 1286 sed
890 1253 1043 1300 temporis
1064 1253 1299 1300 longinquitate
1321 1254 1467 1287 nonnihil
1490 1264 1628 1293 mutato,
1654 1257 1686 1287 ὃ(
1703 1252 1801 1288 Issan-

337 1315 474 1349 “dicam
493 1312 665 1348 dialcetum
682 1323 821 1347 veterem
839 1312 1008 1348 Gothicam
1026 1313 1128 1360 vulgo
1145 1322 1340 1360 nuncupant.
1392 1312 1507 1360 Neque
1524 1314 1610 1346 enim
1629 1314 1680 1347 hic
1696 1314 1800 1362 inqui-

335 1375 460 1410 “rendi
483 1374 570 1408 locus
593 1373 648 1413 est,
675 1386 714 1408 an
739 1383 885 1421 parentes
907 1374 1093 1407 Gothorum
1115 1373 1260 1412 illorum,
1286 1373 1340 1420 qui
1361 1374 1534 1420 peragratis
1554 1374 1744 1407 Graecorum
1767 1378 1799 1409 &

337 1437 591 1470 “Romanorum
613 1435 703 1467 terris
726 1433 855 1467 tandem
880 1434 911 1467 in
934 1432 1087 1481 Hispania
1111 1431 1330 1474 consederant,
1355 1432 1601 1467 Ostro-Gothiae
1619 1443 1745 1468 tantum
1765 1438 1797 1469 ὅ(

336 1504 361 1521 ‘⁴
371 1495 658 1534 West1·0-G0thiae‚
685 1494 809 1528 Suecici
826 1495 916 1541 regni
935 1495 1118 1544 provinciis,
1145 1504 1252 1527 ortum
1273 1492 1361 1527 suum
1380 1491 1560 1527 debuerint.
1607 1494 1680 1528 Nec
1697 1496 1797 1542 magis

335 1556 408 1592 “ad
427 1557 508 1592 hanc
528 1568 593 1589 rem
618 1555 767 1603 pertinet,
795 1567 833 1589 an
856 1554 935 1589 bene
958 1554 1005 1590 vel
1028 1554 1113 1589 secus
1134 1554 1181 1589 illi
1200 1555 1337 1601 egerint,
1363 1553 1417 1602 qui
1440 1552 1536 1587 libros
1556 1553 1738 1598 IssandIcos‚
1763 1557 1795 1590 in

333 1616 502 1652 “lssandia
518 1615 726 1662 conscriptos,
752 1615 886 1662 indeque
903 1614 934 1648 in
952 1615 1096 1649 Sueciam
1112 1613 1316 1656 transmissos,
1343 1614 1409 1648 illic
1426 1613 1508 1662 quasi
1529 1614 1664 1649 vetustos
1678 1617 1795 1651 Gothi-

332 1683 422 1713 “cos
438 1678 577 1717 edidere,
601 1680 633 1711 &
648 1676 754 1724 lingua
769 1678 898 1723 antiqua
911 1673 1045 1712 Gothica
1054 1676 1183 1724 scriptos
1200 1674 1265 1720 effi’,
1290 1675 1321 1709 in
1339 1674 1444 1710 fronte
1459 1687 1570 1710 eorum
1588 1689 1794 1714 annotarunt.

334 1742 492 1775 “Verum
508 1738 577 1773 baec
593 1737 702 1772 saltem
720 1739 754 1770 in
770 1736 962 1771 antecessum
982 1736 1116 1772 dicenda
1134 1747 1236 1776 erant,
1259 1747 1294 1771 ut
1311 1746 1444 1785 pateret,
1465 1738 1541 1784 quid
1559 1751 1615 1786 per
1627 1740 1795 1776 Gothicam

333 1801 506 1848 “linguam
529 1799 599 1834 heic
621 1797 871 1846 intelligendum
895 1798 1025 1832 veniat:
1053 1797 1130 1833 illud
1153 1799 1306 1832 nimirum
1331 1798 1462 1838 idioma,
1488 1811 1554 1847 quo
1574 1801 1794 1838 Scandinaviae

334 1862 483 1910 “priscos
499 1860 619 1894 incolas
634 1859 704 1894 usos
721 1858 795 1899 effe,
817 1858 934 1906 partim
952 1858 1076 1899 scimus,
1098 1859 1215 1908 partim
1235 1856 1442 1907 probabiliter
1458 1858 1689 1896 concludimus.
1731 1864 1794 1898 His

334 1922 529 1970 “praemiffis
546 1933 614 1955 rem
635 1920 734 1968 ipsam
752 1919 931 1967 aggrediar.
976 1920 1018 1954 Et
1039 1920 1145 1968 primo
1164 1919 1234 1953 stitis
1252 1919 1384 1962 constat,
1411 1919 1473 1954 unii
1491 1920 1665 1968 eademque
1683 1922 1791 1971 lingua

333 1984 457 2032 “loqui
475 1981 650 2029 Superioris
668 1993 705 2015 ac
723 1980 887 2016 Inferioris
904 1982 1089 2017 Germaniae
1110 1980 1259 2029 populos,
1287 1979 1590 2016 Confoederatarum
1609 1984 1793 2020 Provincia-

330 2052 438 2080 “rum
453 2043 584 2085 incolas,
601 2042 764 2083 Holfflos,
784 2044 907 2085 Danos,
923 2044 1054 2083 Suecos,
1070 2042 1254 2090 NorvegOS,
1272 2041 1458 2076 Foeroenses
1473 2054 1508 2075 ac
1519 2041 1669 2077 Issandos.
1707 2046 1790 2079 Om.

329 2113 419 2140 “nes
440 2105 487 2146 hi,
513 2106 657 2153 inquam,
684 2103 797 2137 eadem
816 2103 929 2151 lingua
950 2114 1096 2143 utuntur,
1123 2101 1175 2138 sed
1193 2102 1288 2136 variis
1307 2101 1427 2136 fluente
1443 2101 1594 2137 dialestis.
1636 2103 1790 2148 Qaliter

328 2169 602 2202 “Germanorum
624 2164 761 2213 loquelae
782 2164 799 2198 a
819 2163 848 2198 se
866 2164 1004 2198 invicem
1025 2162 1193 2203 abludant,
1220 2175 1283 2197 non
1305 2162 1350 2197 est
1371 2173 1406 2196 ut
1425 2163 1493 2196 heic
1510 2163 1730 2211 disquiramus,
1756 2169 1788 2201 ὅ(

327 2226 512 2260 “omnibus
531 2224 597 2260 fere
616 2224 648 2259 id
669 2234 780 2258 notum
798 2223 854 2259 est.
906 2226 984 2259 Nec
1004 2225 1105 2271 magis
1125 2223 1180 2258 hic
1197 2222 1411 2258 demonstrare
1425 2223 1531 2268 juvat,
1557 2223 1590 2257 in
1606 2235 1671 2271 quo
1686 2224 1790 2260 confi-

329 2284 422 2320 “stat
441 2282 620 2319 differentia
640 2284 846 2325 idiomatum,
873 2297 942 2333 quae
963 2285 1076 2325 Danis,
1097 2283 1274 2331 Norvegis,
1297 2282 1418 2322 Sueds,
1441 2281 1585 2325 lslandis,
1611 2295 1697 2317 nunc
1715 2283 1788 2319 sunt

330 2345 396 2380 “in
413 2345 482 2380 usu.
531 2344 608 2378 Hoc
628 2343 702 2377 loco
720 2343 832 2379 saltem
849 2345 1079 2380 consideranda
1096 2346 1185 2381 venit
1201 2342 1384 2378 universalis
1401 2342 1454 2376 illa
1471 2342 1689 2391 discrepantia,
1715 2357 1788 2393 quae

329 2406 407 2443 “est
421 2406 505 2441 inter
519 2405 640 2440 idioma
652 2405 890 2440 Germanorum
909 2406 1108 2451 conjunecim
1127 2406 1319 2444 sumtorum,
1344 2407 1377 2439 &
1392 2402 1554 2451 loquelam
1570 2404 1717 2439 omnium
1733 2417 1789 2440 eo-

327 2476 353 2495 ‘⁶
362 2482 449 2510 rum,
474 2467 530 2517 qui
549 2465 679 2515 propius
698 2464 945 2514 septentrionem
966 2466 1122 2507 habitant,
1144 2468 1310 2501 Danorum
1329 2476 1458 2513 nempe,
1481 2465 1671 2505 Succorum,
1690 2467 1786 2500 Nor-

325 2537 354 2556 “
362 2541 533 2579 vegorum,
554 2526 766 2564 mandorum.
814 2526 875 2563 Ista
890 2526 1064 2571 diverfitas,
1089 2537 1246 2576 quantum
1262 2539 1324 2575 ego
1340 2525 1515 2567 observavi,
1541 2527 1573 2560 in
1590 2525 1637 2560 his
1654 2525 1784 2575 sequen-

325 2591 445 2628 “tibus
461 2589 618 2640 praecipue
631 2587 783 2625 consistit.
837 2600 868 2623 1.
892 2588 1051 2623 Germani
1067 2587 1331 2624 demonstrativos
1353 2589 1414 2633 (ut
1432 2587 1608 2636 loquuntur
1623 2598 1785 2636 gramma.

1672 2653 1696 2672 ⁸⁴
1707 2647 1784 2693 tici)
