2052 3023
153 286 241 312 xx11

762 276 1385 328 PRAEFATIO.

340 371 407 398 tate
423 365 598 414 majoreque
614 367 743 400 venturi
760 376 878 412 pavore
895 367 1077 412 constratus,
1103 367 1125 401 d
1135 366 1304 414 superciliis
1323 354 1429 411 Gerasi
1450 367 1549 413 (nunc
1567 369 1684 411 Pruth)
1699 370 1810 418 flumi-

339 427 386 459 nis
400 424 533 474 adusque
549 426 743 466 Danubium,
763 426 957 474 Taifalorum
974 436 1070 462 terras
1085 429 1307 476 praestringens,
1327 440 1425 462 muros
1442 427 1536 462 altius
1555 430 1702 476 erigebat.
1740 433 1813 467 Hac

338 484 434 521 lorica
455 486 618 534 diligentia
641 486 729 521 celeri
751 487 972 531 consummata,
1000 491 1032 523 in
1053 498 1118 523 tuto
1138 488 1300 524 locandam
1315 488 1513 532 securitatem
1524 488 1621 532 suam
1637 492 1811 536 existimans

338 546 381 584 (θ’
390 547 537 592 salntem.
578 547 810 582 Athanaricum
833 548 874 581 fic
893 547 1027 582 latebras
1045 558 1243 596 quaerentem
1263 547 1394 592 deseruit
1412 558 1482 594 pars
1498 560 1613 595 magna
1630 550 1729 598 populi
1745 554 1812 588 Go-

337 606 469 646 thorum,
494 609 549 654 qui
573 606 699 642 ducibus
726 609 899 654 Fritigerno
923 607 967 646 ὅγ’
987 607 1140 644 Alavivo
1164 610 1248 656 ripas
1274 618 1465 656 occupavere
1485 608 1636 651 Danubii,
1665 611 1812 658 miffisque

336 668 499 702 oratoribus
518 666 561 702 ad
575 666 748 707 Valentem,
769 668 879 718 suscipi
887 669 922 715 se
939 668 1049 705 humili
1064 681 1152 718 prece
1171 669 1344 717 poscebant,
1371 667 1414 708 ὠ·
1429 671 1533 716 quiete
1550 670 1684 705 vitiuros
1695 671 1731 715 se
1747 671 1811 717 pol-

337 728 472 767 licentes,
493 725 682 766 &daturffi
694 728 724 771 fi
739 739 784 761 res
793 727 979 774 flagitaffit,
998 728 1130 768 auxilia,
1152 729 1345 762 Ammianus
1362 740 1435 776 cap.
1445 738 1480 773 4.
1499 730 1530 762 &
1544 728 1699 774 Zosimus.
1734 728 1812 776 Jor-

337 786 450 821 nandes
469 798 539 833 cap.
554 797 600 831 25
619 786 720 826 addit,
746 796 782 820 ut
794 786 873 832 fides
891 787 1008 822 uherior
1023 788 1079 822 illis
1096 787 1268 826 haberetur,
1294 786 1464 834 promisisse,
1483 786 1531 832 se,
1550 788 1585 831 fi
1603 787 1732 823 dottores
1751 787 1812 823 lin-

332 859 406 896 guae
417 847 483 892 Juae
501 845 679 888 donaverit,
700 847 770 892 fieri
786 847 982 893 Christianos.
1031 848 1157 882 Merito
1176 847 1192 881 ὲ
1210 849 1285 882 viris
1304 847 1487 883 maturioris
1504 845 1620 894 judicii
1640 845 1811 882 dubitaba-

337 917 391 941 tur
406 916 516 940 utrum
533 908 551 940 ὲ
569 904 693 954 publica
711 918 743 939 re
761 905 848 946 effer,
876 916 999 941 tantam
1019 907 1262 941 multitudinem
1283 906 1389 953 gentis
1411 906 1588 954 peregrinae
1608 909 1639 941 ὅ(
1657 904 1741 940 bello
1760 907 1810 939 in-

337 969 377 1002 de
394 968 412 1002 a
427 969 560 1016 pueritia
575 967 712 1001 adsuetae
728 969 828 1015 excipi
845 969 971 1015 gremio
988 969 1112 1017 imperii
1129 967 1286 1011 Romani,
1314 967 1366 1002 sed
1385 968 1490 1002 vicere
1507 966 1680 1002 adulatores
1695 970 1728 1002 in
1740 979 1810 1002 ma-

328 1029 382 1074 jus
390 1028 556 1075 fortunam
569 1030 712 1075 principis
729 1028 914 1067 extollentes,
940 1028 1023 1076 quod
1036 1042 1074 1063 ex
1091 1028 1211 1063 ultimis
1228 1031 1314 1063 terris
1332 1037 1377 1063 tot
1392 1030 1532 1063 tirocinia
1548 1027 1683 1068 trahens,
1709 1030 1737 1062 ei
1754 1040 1811 1062 nec

334 1090 471 1135 opinanti
487 1087 621 1133 offerret,
642 1099 678 1123 ut
695 1090 810 1124 collatis
824 1092 859 1124 in
875 1102 970 1124 unum
984 1090 1042 1132 suis
1060 1087 1102 1127 ἔφ’
1114 1088 1288 1135 alienigenis
1308 1087 1429 1123 viribus
1446 1088 1602 1123 invielum
1616 1087 1741 1123 haberet
1756 1099 1809 1122 ex-

337 1152 479 1188 ercitum,
508 1149 550 1187 ὠ
565 1159 617 1196 pro
635 1150 767 1185 militari
785 1150 1000 1198 supplemento,
1025 1149 1106 1198 quod
1121 1152 1346 1198 provinciatim
1366 1160 1502 1183 annuum
1516 1148 1716 1196 pendebatur,
1741 1147 1808 1183 the-

327 1209 430 1253 sauris
447 1209 605 1244 accederet
625 1214 694 1244 auri
715 1211 852 1245 cumulus
873 1223 1015 1258 magnus.
1030 1229 1074 1237 ---
1110 1209 1239 1245 Proinde
1257 1210 1398 1255 permiffu
1419 1213 1614 1255 Imperatoris
1635 1208 1809 1252 transeundi

331 1269 515 1316 Danubium
534 1271 662 1312 copiam,
689 1269 864 1315 colendique
885 1267 991 1314 adepti
1010 1267 1153 1302 Thraciae
1175 1277 1292 1314 partes,
1318 1267 1604 1314 transfretabantur
1625 1270 1658 1301 in
1679 1268 1742 1301 dies
1764 1267 1807 1306 ὠ·

331 1328 439 1369 nobles,
464 1326 601 1362 navibus
616 1326 791 1373 ratibusque
806 1326 849 1365 ῥ’
861 1329 989 1361 cavatis
1004 1326 1147 1360 arborum
1162 1326 1267 1360 alveis
1285 1329 1475 1373 agminatim
1490 1328 1633 1373 impoliti.
1661 1328 1807 1363 Ammia-

329 1399 401 1422 nus,
439 1386 588 1421 Diximus
607 1385 706 1420 modo
719 1382 865 1420 excidisse
877 1385 1007 1420 Gothos
1020 1385 1189 1420 Viderichi
1206 1384 1259 1433 spe
1279 1385 1331 1419 sua
1347 1382 1584 1421 transmittendi
1602 1386 1806 1427 Danubium,

329 1446 543 1484 Athanaricus
558 1447 649 1494 paria
665 1444 888 1494 pertimescens,
914 1444 956 1484 ὠ
968 1453 1110 1479 veterem
1125 1458 1194 1479 cum
1209 1444 1339 1479 Valente
1354 1444 1544 1488 simultatem
1559 1449 1681 1481 veritus
1698 1457 1733 1482 ut
1748 1447 1806 1482 ad-

326 1506 386 1541 huc
401 1504 596 1545 duraturam,
617 1503 661 1540 ad
675 1502 957 1548 Caucalandensem
974 1503 1086 1544 locum,
1111 1503 1278 1539 altitudine
1288 1503 1454 1552 sylvarum
1471 1505 1651 1551 inacceffiim
1667 1505 1710 1545 ὠ·
1721 1520 1805 1542 mon·

327 1569 420 1608 tium,
445 1578 514 1602 cum
523 1566 589 1612 suis
604 1565 739 1601 omnibus
757 1563 946 1604 declinavit,
967 1566 1123 1600 Sarmatis
1138 1562 1209 1598 inde
1226 1564 1364 1610 extrusis,
1391 1565 1582 1600 Ammianus
1599 1565 1674 1600 libri
1691 1565 1802 1616 saepius

328 1628 427 1671 citati,
453 1639 521 1676 cap.
534 1639 571 1673 4.
590 1625 664 1661 fine.

377 1687 408 1736 §.
424 1701 457 1736 5.
484 1689 594 1723 Annus
614 1697 682 1722 erat
701 1687 784 1734 376,
797 1687 850 1735 (a)
876 1698 949 1721 cum
973 1685 1015 1720 ita
1032 1684 1268 1721 Vestro-Gothi
1293 1685 1476 1722 Danubium
1495 1686 1715 1732 transmeantes
1730 1693 1803 1726 Da-

327 1751 408 1784 ciam
428 1749 600 1798 Ripensem,
629 1750 773 1793 Moefiam
794 1747 999 1796 Tbraciasque
1019 1748 1158 1795 permsffu
1177 1750 1328 1796 Principis
1350 1748 1543 1796 (Valentis)
1561 1749 1703 1793 insedere,
1728 1752 1802 1799 Jor-

329 1810 447 1844 nandes
463 1821 532 1858 cap.
547 1821 606 1856 25.
634 1809 743 1857 quibus
765 1809 807 1849 ὠ·
818 1809 970 1845 alimenta
986 1819 1040 1856 pro
1056 1820 1198 1857 tempore,
1225 1809 1457 1858 &subigendos
1471 1823 1558 1858 agros
1576 1811 1671 1847 tribui
1678 1814 1799 1859 statue-

327 1880 378 1904 rat
393 1873 573 1918 Imperator,
598 1870 808 1913 Ammianus3
834 1882 942 1905 verum
966 1869 1039 1904 illos
1059 1870 1229 1917 halcyonia
1249 1868 1306 1904 fibi
1321 1870 1390 1916 jam
1412 1872 1639 1919 promittentes
1663 1872 1800 1908 difficilis

327 1931 443 1964 iterum
459 1929 627 1978 tempestas
648 1929 789 1965 turbavit
810 1930 899 1978 culpa
920 1934 952 1965 ὃ(
967 1931 1102 1965 avaritia
1123 1932 1242 1965 ducum
1262 1932 1504 1967 Romanorum.
1549 1932 1674 1968 Eodem
1701 1934 1800 1969 histo-

328 1992 396 2024 rico
414 1991 567 2024 Romano
588 1990 707 2026 fatente
732 1992 803 2026 ciam
825 1991 957 2027 traducti
981 1993 1115 2029 Barbari
1137 1995 1241 2029 villus
1263 1996 1363 2039 inopia
1384 2003 1587 2037 vexarentur,
1614 2005 1699 2042 turpe
1719 2008 1799 2030 com-

327 2054 474 2087 mercium
488 2051 577 2088 duces
592 2054 764 2098 invififflmi
781 2055 949 2102 Lupicinus
966 2054 1009 2094 ὠ
1022 2057 1202 2095 Maximus,
1225 2055 1305 2090 alter
1317 2065 1371 2102 per
1381 2054 1528 2090 Thracias
1542 2067 1648 2095 comes,
1671 2054 1736 2090 dux
1751 2056 1797 2091 al·

330 2124 376 2147 ter
391 2113 531 2158 exitiosus
550 2117 736 2161 cogitarunt,
763 2114 806 2154 ὠ·
818 2125 949 2162 quantos
966 2115 1099 2163 undique
1117 2116 1335 2162 infiutiabilitas
1348 2115 1486 2164 colligere
1502 2117 1602 2163 potuit
1617 2128 1719 2157 canes,
1744 2127 1797 2165 pro

319 2174 446 2221 fingulis
462 2174 607 2209 dederunt
624 2179 795 2222 mancipia,
821 2180 902 2212 inter
917 2189 986 2225 quae
1005 2177 1118 2225 &filit
1136 2178 1217 2215 ducii
1228 2179 1303 2223 fiant
1318 2180 1511 2226 optimatum.
1549 2176 1640 2211 Adde
1655 2176 1796 2224 Jornan-

326 2234 395 2268 dem
407 2246 476 2280 cap.
493 2242 549 2271 26.
587 2236 669 2270 Haec
685 2237 847 2272 calamitas
867 2240 949 2273 adeo
964 2239 1168 2287 exasperabat
1185 2241 1310 2275 animos
1326 2239 1502 2273 recentium
1521 2236 1732 2279 advenarum,
1759 2248 1795 2273 ut

328 2295 366 2327 ad
395 2292 686 2330 trans-Danubiana
710 2297 836 2333 fuiflent
860 2298 1000 2347 regi-effi,
1034 2298 1092 2334 nisi
1111 2300 1340 2347 Lupicinus&
1358 2298 1538 2340 Maximus,
1559 2310 1643 2345 quos
1663 2298 1796 2334 lucrosae

326 2354 569 2388 nundinationis
593 2354 713 2389 satietas
736 2370 800 2391 non
821 2360 900 2394 dum
922 2371 1062 2408 ceperat,
1086 2362 1184 2396 etiam
1207 2361 1239 2395 in
1263 2360 1414 2394 interiora
1438 2358 1585 2392 Tbraciae
1605 2357 1793 2406 abegissent.

326 2417 401 2450 Hoc
420 2415 633 2463 intelligentes
652 2416 805 2454 Alatheus
823 2423 855 2454 &
870 2420 1026 2469 Saphrax,
1052 2422 1171 2470 quibus
1192 2431 1298 2461 antea,
1324 2433 1382 2455 ceu
1401 2418 1555 2459 diximus,
1582 2420 1673 2454 venia
1694 2420 1795 2454 trans-

373 2528 426 2575 (α)
454 2529 503 2563 De
525 2541 624 2569 ann0,
652 2542 717 2577 quo
739 2531 841 2566 Gothi
863 2533 1052 2568 Danubium
1073 2533 1253 2570 tranfierint
1273 2533 1346 2569 vide
1362 2535 1456 2570 Notis
1479 2531 1564 2569 Hist..
1582 2533 1787 2582 pelagianam

324 2602 354 2635 p.
369 2588 403 2624 8.
428 2587 480 2624 sed
498 2599 534 2624 ut
552 2590 632 2625 mihi
648 2590 775 2626 videtur
790 2591 931 2628 confuse.

1686 2655 1788 2692 eundi
