2052 3023
139 279 257 303 XXXIV

761 260 1378 313 PRAEFATIO.

344 353 497 396 attulerit,
525 352 685 402 magisque
706 351 799 387 saluti
818 352 1000 387 animarum
1022 350 1220 385 credentium
1242 361 1277 384 ea
1299 347 1505 387 consuluerit,
1530 359 1569 382 eo
1591 345 1807 383 communiori

345 414 499 451 universae
520 413 668 449 Ecclefiae
690 412 809 459 gaudio
829 423 961 460 excepta
981 412 1056 452 fuit,
1081 412 1256 460 aurstorque
1280 411 1346 457 ejus
1366 409 1506 457 Ulphilas
1531 410 1575 444 ob
1597 409 1750 444 meritum
1773 410 1808 442 in

345 486 474 523 gentem
495 478 526 509 ὅ(
546 472 721 514 ecclesiam,
746 484 811 519 quo
829 472 929 520 majus
945 471 1014 506 dari
1035 471 1195 521 nequivit,
1222 469 1370 506 maximis
1390 469 1508 517 ubique
1527 473 1558 505 &
1577 470 1718 518 undique
1738 468 1808 503 elo-

343 537 403 583 giis
423 536 614 570 cumulatus.

393 595 422 642 §.
438 607 468 640 7.
495 595 585 629 Hinc
604 604 732 642 quoque
754 590 1131 629 AUCTORITAS
1153 589 1301 638 Ulphilae
1324 600 1425 630 tanta,
1450 599 1568 638 quanta
1586 590 1706 638 uspiam
1727 591 1807 640 Epi-

344 655 430 705 scopi
450 654 554 690 ullius.
596 656 739 700 Qantae
757 654 842 701 apud
864 654 931 688 suos
952 652 1152 689 audierimus
1172 652 1284 692 fuerit,
1309 651 1421 686 docuit
1440 663 1498 685 nos
1516 651 1716 685 Sozomenus
1736 663 1805 698 cap.

345 715 438 760 hujus
456 717 481 757 §.
496 727 532 761 4.
550 715 635 748 mium
652 718 744 760 p'udliug
760 716 838 750 adv-as
855 716 991 754 ἔπτῖθοιπ,
1011 718 1160 752 πεπεισμένοι
1176 725 1236 746 κτλ.
1280 711 1481 760 suffragatur
1492 712 1717 747 Theodoritus
1734 711 1807 747 hist·

346 776 432 810 Eccl.
453 774 508 809 lib.
522 775 576 809 IV.
595 786 621 810 C.
635 786 667 820 3·
687 773 735 808 hlS
751 771 866 807 verbiS.
899 771 919 814 ᾧ
937 777 1010 811 μάλα
1028 776 1163 813 &maim-n,
1186 780 1211 817 ’9
1229 773 1276 808 nie
1295 776 1387 808 ἒκεῖνδς
1405 775 1487 810 λέγω
1503 770 1625 809 iniurius
1642 774 1810 811 ὑπιλᾶμςανον

346 838 429 873 νέμεις.
464 835 562 886 Qm
585 832 683 868 valde
699 831 917 880 sequebantur,
945 830 1063 879 ejusque
1081 830 1182 866 verba
1201 831 1288 878 quasi
1309 830 1386 878 leges
1409 829 1576 865 immobiles
1596 831 1809 867 aeft'imabant.

344 896 434 930 Idem
451 895 490 930 de
506 907 546 929 eo
562 892 764 928 Caffiodorus
781 890 853 926 hist.
870 892 962 939 Trip.
981 889 1131 926 lib.V111.
1148 903 1175 925 c.
1189 891 1247 927 16.
1270 893 1365 940 Cujus
1382 903 1498 939 magna
1514 900 1580 926 erat
1594 891 1679 940 apud
1692 905 1736 926 eos
1750 904 1807 927 au-

344 957 465 992 &oritas
484 955 527 995 ἐφ
542 952 776 1002 irrefragabilis.
816 951 925 996 Qin‚
953 950 975 986 fi
992 950 1208 999 Philostorgio
1228 951 1437 991 credendum,
1463 952 1495 986 id
1518 952 1605 1000 apud
1623 953 1753 987 Gothos
1775 963 1807 986 e-

344 1027 405 1056 rat,
422 1017 508 1064 quod
523 1014 630 1050 Moses
646 1013 729 1062 apud
742 1011 905 1047 Israelitas.
939 1012 990 1046 En
1004 1016 1011 1045 !
1036 1022 1071 1046 ut
1089 1012 1127 1047 de
1143 1010 1267 1047 summa
1280 1012 1428 1060 Ulphilae
1444 1012 1530 1061 apud
1548 1012 1617 1048 suos
1635 1012 1807 1048 auetorita-

345 1086 376 1111 te
398 1075 576 1111 testimonia
595 1074 730 1116 adsunt3
754 1070 807 1106 sed
826 1084 935 1107 rerum
958 1082 1124 1106 momenta
1145 1084 1202 1107 nec
1219 1072 1346 1108 desunt.
1386 1072 1474 1107 Nam
1494 1072 1621 1122 duplice
1638 1074 1722 1121 apud
1740 1077 1806 1109 Im·

343 1147 523 1184 peratorem
547 1136 686 1169 Decium
710 1131 841 1167 functus
864 1132 1000 1167 traditur
1022 1131 1193 1179 legatione.
1244 1134 1361 1173 Priori,
1387 1145 1460 1168 cum
1485 1134 1616 1168 nomine
1639 1136 1736 1183 Regis
1760 1134 1805 1170 sui

342 1197 515 1245 Fritigerni
539 1196 653 1231 auxilia
676 1204 786 1229 contra
806 1192 1049 1227 Ostro-Gothos
1072 1194 1164 1240 petiit
1185 1196 1218 1227 ὃ(
1238 1192 1388 1228 obtinuit.
1433 1193 1551 1234 Altera,
1577 1207 1651 1229 cum
1675 1197 1806 1230 nomine

341 1258 447 1305 gentis
465 1259 527 1291 suae
543 1256 658 1290 humili
680 1266 772 1301 prece
793 1261 916 1300 peteret
939 1253 1050 1299 (quam
1068 1256 1098 1287 δ(
1116 1251 1319 1298 impetrabat,
1350 1252 1401 1287 sed
1418 1252 1553 1300 imperio
1570 1254 1724 1289 Romano
1739 1256 1807 1290 exi-

340 1315 474 1362 tialem)
486 1316 645 1350 licentiam
663 1313 781 1348 Gothis
797 1313 830 1345 in
845 1312 1023 1346 Thraciam
1041 1311 1265 1345 transfretandi
1284 1309 1487 1345 Danubium.
1529 1313 1575 1352 Si,
1602 1315 1688 1361 quod
1705 1315 1806 1350 credi-

340 1376 403 1411 bile
423 1375 478 1417 est,
504 1375 679 1422 principem
701 1373 766 1419 egit
787 1370 947 1418 utriusque
967 1370 1135 1417 legationis
1153 1370 1314 1418 Ulphilas‚
1341 1370 1415 1405 inde
1432 1370 1587 1412 elucescit,
1614 1376 1723 1421 quanti
1739 1374 1805 1410 elo-

341 1437 419 1485 quii,
441 1447 537 1482 quarn
556 1432 698 1480 probatae
717 1431 894 1480 prudentiae
911 1441 1103 1479 quantaeque
1119 1430 1317 1465 austoritatis
1333 1442 1397 1464 non
1415 1430 1515 1465 modo
1530 1433 1614 1479 apud
1633 1432 1725 1478 suos3
1750 1436 1802 1471 sed

340 1500 373 1531 ὅ(
389 1495 473 1544 apud
490 1497 719 1540 Imperatorem
737 1501 831 1539 atque
847 1491 913 1537 ejus
930 1491 1025 1525 duces
1044 1489 1296 1539 purpuratosque
1313 1490 1421 1525 fuerit.

390 1556 421 1605 §.
437 1560 469 1593 8.
496 1557 633 1595 Verum,
655 1564 692 1589 ut
711 1566 750 1589 ex
770 1566 804 1587 re
823 1554 944 1601 optima
963 1551 1044 1601 saepe
1063 1552 1189 1600 citoque
1207 1551 1282 1586 mali
1301 1551 1378 1599 quid
1397 1551 1538 1593 cuditur,
1565 1553 1607 1588 ita
1630 1555 1802 1593 auetoritas

339 1617 394 1653 sua
410 1616 546 1665 Ulphilae
569 1614 675 1651 ansam
698 1613 834 1662 praebuit
857 1613 1035 1648 adfricandi
1057 1614 1181 1648 nomini
1203 1612 1258 1646 suo
1283 1621 1410 1659 turpem
1431 1613 1592 1648 maculam
1612 1614 1801 1653 defeffionis

339 1677 380 1713 ab
396 1676 587 1711 orthodoxia
603 1675 642 1709 ad
661 1675 762 1709 diram
777 1674 969 1708 Arianorum
988 1674 1200 1722 impietatem.
1237 1674 1303 1710 Sub
1320 1674 1418 1721 priori
1434 1675 1519 1709 enim
1540 1675 1699 1724 legatione
1715 1678 1802 1714 blan-

339 1737 423 1773 ditiis
444 1736 583 1771 Eudoxii
603 1735 752 1784 Episcopi
773 1733 1131 1783 Constantinopolitani,
1161 1733 1446 1782 pollicitationibus
1468 1737 1600 1771 Ducum
1623 1736 1802 1789 additisque

340 1799 434 1833 minis
457 1811 496 1832 eo
523 1797 583 1832 fuit
607 1796 793 1844 perdustuS,
821 1806 870 1835 ut,
900 1807 964 1844 quo
988 1796 1137 1844 expetitae
1162 1794 1311 1844 suppetiae
1337 1795 1570 1838 obtinerentur,
1604 1797 1696 1833 suum
1722 1800 1799 1836 suae-

340 1873 401 1908 que
418 1860 522 1905 gentis
540 1857 703 1893 transitum
723 1858 754 1891 in
771 1856 982 1891 Arianismum
1002 1857 1216 1903 promitteret.
1256 1858 1369 1906 Turpe
1385 1855 1488 1898 dieta,
1513 1858 1704 1907 Episcopum
1722 1873 1800 1895 con-

339 1919 470 1960 sensisse,
499 1921 603 1954 Duces
624 1928 729 1953 autem
749 1917 933 1953 Gothorum
958 1918 996 1952 de
1017 1918 1132 1952 eodem
1153 1918 1335 1958 solicitatos,
1362 1918 1565 1967 respondiffe,
1591 1920 1667 1955 teste
1684 1921 1801 1957 Theo·

338 1980 445 2016 dorito
468 1978 538 2013 hlst.
561 1978 648 2012 ECCl.
672 1978 727 2012 llb-
741 1978 799 2012 IV
826 1989 853 2011 C.
871 1989 926 2022 37·
961 1982 980 2013 ε’
999 1982 1126 2018 inignem
1150 1980 1201 2011 eh)
1226 1980 1350 2022 πατρῴοιο
1373 1982 1538 2018 amath-lam
1561 1980 1743 2015 δὶῖὶισκσιλῖη.
1765 1983 1801 2028 Je

337 2040 413 2074 nullo
430 2039 514 2074 modo
530 2039 610 2073 velle
625 2041 754 2072 avitam
770 2037 935 2072 dominam
952 2037 1090 2083 deserere.
1133 2039 1220 2072 Dicit
1236 2039 1368 2086 quidem
1385 2039 1425 2073 de
1443 2039 1561 2074 Gothis
1579 2039 1800 2076 Theodoritus

336 2098 450 2133 eodem
470 2098 559 2131 loco:
587 2101 608 2132 ἐ
622 2098 774 2129 παντάπασι
790 2096 840 2128 τὶοό
858 2093 986 2139 πατρῴαν
1003 2097 1174 2130 &hananiam
1192 2100 1337 2136 «minim--
1363 2097 1402 2131 ab
1419 2099 1515 2131 avita
1530 2095 1662 2131 domina
1678 2110 1736 2132 non
1749 2109 1800 2146 pe-

334 2162 416 2193 nitus
433 2158 620 2206 destiterunt.
663 2158 786 2191 Verum
809 2156 899 2191 aliter
915 2154 1053 2191 eveniffe
1072 2169 1110 2191 ex
1127 2155 1253 2191 historia
1271 2155 1444 2204 colligitur,
1470 2168 1585 2204 nempe
1602 2156 1689 2190 virus
1709 2159 1798 2192 Aria.

337 2219 429 2252 nismi
450 2218 543 2252 semel
565 2216 750 2252 instillatum
768 2218 895 2251 Gothos
911 2229 947 2251 ea
969 2218 1140 2265 pertinacia
1159 2215 1330 2257 retinuisse,
1355 2226 1391 2251 ut
1410 2217 1539 2251 tandem
1559 2215 1627 2263 post
1645 2215 1798 2251 ducentos

335 2289 435 2311 annos
452 2278 482 2310 in
495 2276 798 2323 SynodoToletana
816 2275 909 2309 tertia
925 2287 1014 2309 anno
1027 2273 1143 2309 Christi
1158 2276 1240 2322 589.
1256 2284 1334 2309 tunc
1349 2274 1577 2323 Hispaniarum
1593 2275 1740 2315 Domini,
1758 2275 1798 2308 il—

334 2337 390 2373 lud
406 2337 567 2384 ejurarint.

384 2396 414 2445 §.
428 2409 461 2444 9.
489 2395 583 2440 Qid
604 2395 672 2442 post
689 2395 895 2443 posteriorem
912 2396 1104 2443 legationem
1125 2395 1356 2442 transitumque
1372 2394 1558 2429 Gothorum
1577 2402 1663 2426 trans
1682 2392 1797 2429 Danu-

335 2457 424 2492 bium
445 2457 478 2489 in
496 2456 668 2489 Thraciam
688 2455 903 2504 Moefiamque
921 2456 1063 2491 effecerit
1083 2456 1243 2504 Ulphilas,
1269 2465 1374 2489 tacent
1391 2453 1568 2495 Historici3
1595 2452 1668 2486 ideo
1686 2461 1795 2486 tamen

333 2517 460 2553 dubitet
480 2528 587 2558 nem0‚
612 2516 690 2563 quin
711 2517 787 2551 dum
807 2517 869 2552 vita
885 2517 1026 2565 viresque
1050 2517 1264 2566 suppeterent,
1291 2515 1434 2564 partibus
1453 2512 1634 2561 ampliffimi
1655 2512 1702 2546 sui
1721 2524 1794 2546 mu-

335 2578 416 2612 neris
440 2576 548 2612 sedulo
570 2576 799 2625 invigilaverit.
843 2578 1007 2621 Tandem,
1034 2578 1119 2626 quia,
1147 2587 1182 2611 ut
1205 2577 1301 2611 Poeta
1326 2577 1423 2619 canit,
1448 2575 1597 2614 omm'bus,
1623 2575 1796 2622 quicunque

1661 2646 1787 2669 munere
