2052 3023
684 271 1308 323 PRAEFATIO.

264 363 355 398 dacia
371 363 510 411 Principe
526 361 731 411 respondente,
755 374 953 411 nequaquam
970 361 1074 398 decere
1090 361 1280 398 adventitiis
1294 362 1480 412 adjumentis
1494 375 1558 399 rem
1574 362 1733 399 vindicari

266 426 454 464 Romanam,
481 425 566 471 cujus
582 423 683 471 opibus
691 424 803 473 foveri
820 429 998 462 conveniret
1013 427 1125 460 amicos
1142 423 1185 464 ὠ·
1193 424 1299 470 socios,
1316 426 1350 469 st
1364 423 1517 459 auxilium
1533 436 1578 458 eos
1594 422 1733 472 adegerit

263 483 417 529 neceffltas
433 483 592 528 implorare
602 503 631 512 --
642 491 784 518 attamen
802 484 918 519 iterum
937 494 1048 519 contra
1058 482 1167 518 Persas
1185 491 1332 517 moturus
1349 494 1435 516 anno
1450 487 1534 531 363,
1560 494 1631 516 cum
1648 492 1733 516 exer-

263 546 340 583 citu,
367 543 410 583 &¹
425 543 609 591 Scytharum
625 543 749 579 auxiliis
767 545 957 593 Euphratem
975 543 1152 589 transmisit.
1189 542 1261 577 Nec
1279 541 1428 583 dubium,
1451 541 1563 577 Gothos
1579 540 1731 588 intelligi.

265 602 415 638 ZOfimus
426 606 486 640 111.
502 610 630 653 p0726‚
657 605 786 649 φεῦῃρυση
804 607 1000 647 ἔπεκὸΕφμᾶν-ης
1020 606 1136 644 Ρωμφῖοἶ
1148 619 1186 639 π,
1207 611 1233 647 ³9
1249 604 1290 636 π),
1306 606 1393 639 nia-015
1411 609 1432 636 oi
1449 604 1548 638 ro'rom,
1565 604 1673 638 πολλαὶς
1689 603 1732 640 μὲν

265 666 407 707 induem,
433 665 530 709 χρυσέῃ
548 667 562 707 3
579 670 659 700 numi·
676 671 701 708 ις
719 663 815 707 ,ξενίῃ
832 666 954 709 yp'mm
974 669 1123 706 εγκρμτέίς,
1143 662 1300 709 fugientes
1322 662 1474 708 (Persas)
1496 661 1648 709 insequuti
1668 664 1732 697 Ro-

266 728 365 766 mani,
393 724 436 765 &¹
451 737 520 760 cum
538 727 579 759 eis
596 723 702 764 Gothi,
729 724 840 759 multos
857 722 1052 770 deleverunt,
1079 722 1122 762 ὠ·
1139 725 1208 758 auri
1227 725 1408 772 argentique
1424 734 1540 771 magna
1556 725 1647 770 potiti
1661 721 1734 769 fient

265 787 360 834 copid.

316 844 347 894 §.
361 858 393 892 3.
419 844 571 880 Extine‘ta
587 844 706 881 familia
721 844 988 881 Constantiniana
1004 845 1091 881 varia
1107 857 1181 880 cum
1197 844 1427 880 Valentiniano
1443 857 1479 879 ac
1493 843 1632 880 Valente
1648 856 1736 892 proe-

270 903 313 939 lia
330 906 469 940 fuerunt.
513 906 654 941 Leviora
671 906 810 953 primum
830 919 916 941 anno
929 913 1012 956 364,
1040 919 1107 955 quo
1121 907 1267 942 Thraciae
1285 906 1470 954 diripiebant
1483 905 1660 953 praedatorii
1669 904 1737 954 glo-

268 966 299 1001 bi
317 967 484 1002 Gothorum
501 967 628 1001 dicente
644 969 810 1004 Ammiano
827 978 927 1004 xxvi.
949 980 1018 1016 cap.
1032 978 1069 1015 4.
1111 969 1200 1002 Hinc
1222 979 1308 1001 anno
1324 967 1410 1015 367,
1436 979 1510 1001 curn
1527 966 1660 1008 Valens,
1686 963 1737 998 cui

268 1027 301 1062 in
324 1027 478 1064 divifione
502 1030 741 1078 provinciarum
764 1030 891 1077 imperii
910 1030 1053 1065 Thracia
1075 1027 1217 1069 cesserat,
1244 1038 1279 1063 ut
1305 1028 1436 1073 consulto
1459 1026 1618 1074 placuerat
1634 1025 1739 1073 fratri

269 1087 495 1129 Valentiniano,
518 1092 603 1131 cujus
620 1088 780 1137 regebatur
796 1092 933 1135 imperio,
957 1102 1047 1124 arma
1063 1089 1202 1134 concufflt
1218 1091 1250 1123 in
1263 1087 1388 1127 Gothos,
1411 1086 1604 1121 Ammianus
1617 1095 1739 1120 xxvn.

269 1158 339 1195 cap.
351 1159 387 1193 4.
406 1147 493 1197 quod
512 1148 644 1188 auxilia,
666 1160 723 1183 ceu
741 1148 962 1195 praediximus,
988 1146 1138 1181 miserant
1152 1147 1311 1195 Procopio
1328 1145 1450 1181 rebelli.
1493 1146 1554 1181 Sed
1573 1145 1622 1179 hae
1638 1143 1738 1178 etiam

270 1208 445 1243 inimicitiae
461 1208 645 1255 eompofitae
662 1217 749 1239 anno
764 1217 845 1250 370,
867 1204 989 1239 foedere
1006 1205 1088 1239 inito
1105 1216 1178 1239 cum
1196 1207 1404 1247 Athanarico,
1426 1206 1523 1254 partis
1538 1205 1741 1245 Gothorum,

271 1269 326 1316 qui
347 1268 554 1314 Greuthungi
575 1265 777 1303 dicebantur,
802 1263 926 1308 judice,
955 1263 995 1298 fic
1017 1265 1104 1299 enim
1127 1264 1158 1298 se
1179 1266 1288 1298 vocari
1310 1265 1422 1299 maluit
1441 1278 1538 1313 quam
1559 1277 1684 1312 regem,
1710 1266 1743 1299 ὃς

274 1334 348 1362 32⁶2„
365 1330 407 1366 uh
427 1331 518 1368 πφίας
537 1329 686 1368 «eleana,
711 1327 740 1356 τὶ
759 1324 785 1354 δὲ
805 1323 940 1364 arduine,
965 1323 1018 1357 illa
1032 1323 1207 1370 sapientia,
1232 1324 1299 1358 haec
1321 1337 1399 1357 vero
1418 1327 1563 1370 porentiae
1583 1323 1743 1371 appeaatio

272 1389 352 1434 effer,
378 1398 415 1422 ut
436 1387 481 1421 ait
497 1384 678 1432 Themistius
697 1381 856 1416 Oratione
875 1382 914 1417 ad
932 1381 1117 1418 Valentem.
1162 1382 1205 1417 Et
1225 1383 1274 1418 hae
1291 1381 1423 1431 quidem
1446 1383 1480 1417 in
1498 1383 1630 1418 Gothos
1647 1393 1746 1430 expe:

272 1448 408 1485 ditiones
425 1456 628 1496 promeruere
644 1443 875 1480 Valentiniano
891 1454 927 1477 ac
944 1442 1076 1478 Valenti
1093 1442 1226 1478 titulum
1249 1442 1459 1478 GOTH1C1
1484 1442 1678 1478 MAXIMI.

321 1508 400 1557 §.4.
426 1507 585 1543 Tandem
611 1504 833 1541 contentiones
859 1506 941 1539 inter
965 1503 1214 1539 Ostro-Gothos
1241 1506 1273 1539 δε
1300 1503 1564 1540 Vestro-Gothos
1587 1512 1681 1543 ortae,
1707 1513 1745 1537 ac

272 1569 370 1606 status
391 1569 506 1604 laudati
528 1568 612 1616 regis
628 1566 874 1607 Hermanrichi,
897 1566 964 1613 jam
986 1564 1065 1600 senis
1083 1565 1238 1614 capularis
1267 1567 1411 1613 (annum
1431 1566 1518 1600 enim
1535 1565 1653 1614 agebat
1670 1575 1745 1598 cen·

272 1631 422 1667 tefimum
439 1630 615 1670 decimum,
641 1641 706 1677 quo
722 1628 819 1662 etiam
841 1637 986 1662 mortuus
1003 1626 1059 1668 est,
1087 1639 1172 1662 anno
1187 1630 1290 1674 375‚)
1317 1625 1501 1662 alliciebant
1519 1638 1629 1675 regem
1647 1626 1746 1660 Hun-

274 1706 390 1728 norum
408 1690 560 1731 Balamir,
582 1689 645 1725 five
662 1700 698 1725 ut
716 1689 865 1724 meliores
882 1687 979 1724 codd.
997 1688 1095 1723 MSS.
1119 1687 1298 1729 Balamber,
1318 1698 1354 1723 ut
1365 1688 1480 1725 Alanis
1496 1687 1659 1736 adjune‘lis,
1680 1689 1745 1730 ejus

276 1767 393 1805 quoque
408 1753 472 1788 late
491 1761 629 1800 patentes
652 1750 695 1790 &⁶
710 1750 811 1786 uberes
830 1761 922 1799 pagos
940 1752 1092 1797 repentino
1108 1752 1225 1798 impetu
1241 1759 1479 1798 perrumperent,
1506 1749 1580 1785 vide
1596 1749 1746 1785 Ammia-

275 1829 348 1853 num
361 1825 464 1851 xxx1.
481 1825 552 1861 cap.
565 1825 596 1861 3.
619 1811 816 1861 Jornandem
832 1823 901 1860 cap.
916 1822 973 1858 24.
1000 1811 1220 1857 Zofimum1V.
1240 1824 1273 1859 p.
1285 1821 1371 1857 747.
1387 1809 1480 1858 Sylb.
1514 1811 1581 1856 Post
1593 1813 1748 1846 Herman-

275 1876 353 1911 richi
370 1875 485 1910 obitum
503 1885 557 1906 rex
570 1871 743 1907 Vithimiris
760 1881 878 1907 creatus
895 1873 1008 1918 restitit
1023 1871 1244 1920 aliquantisper
1253 1870 1381 1911 Alanu,
1405 1872 1530 1906 Hunnir
1547 1870 1616 1906 aliis
1629 1869 1746 1917 fretae,

276 1948 348 1983 quos
364 1932 499 1968 mercede
507 1931 689 1977 sociaverat
704 1932 842 1980 partibus
851 1932 928 1978 suit.
971 1934 1083 1967 Verum
1097 1934 1159 1981 post
1174 1931 1291 1967 multas·
1307 1945 1385 1980 quas·
1399 1930 1527 1980 pertulit
1543 1929 1656 1973 clades,
1677 1932 1748 1965 ani-

278 2009 364 2031 mam
388 1993 497 2041 effudit
518 1995 551 2027 in
574 1992 685 2041 proelio,
712 1996 751 2028 vi
767 1994 929 2042 fiiperatue
954 2006 1121 2034 armorum,
1149 1993 1339 2028 Ammianus
1360 1993 1490 2027 iterum.
1534 1990 1690 2026 Alatheus
1713 1993 1748 2025 &z

278 2057 435 2104 Saphrax,
462 2055 518 2102 qui
541 2052 739 2101 susceperant
759 2066 868 2089 curam
887 2053 983 2089 filioli
999 2055 1199 2095 Vithimiris,
1226 2053 1359 2088 nomine
1376 2052 1545 2095 Viderich,
1570 2052 1749 2099 abjecerunt

271 2116 423 2164 fiduciam
441 2109 641 2163 repugnandi,
669 2117 788 2150 cautius
807 2114 991 2161 distedentes
1007 2117 1051 2153 ad
1063 2128 1188 2152 amnem
1205 2115 1393 2161 Danastrum
1418 2112 1475 2158 (fic
1489 2112 1664 2159 legendum
1681 2121 1748 2145 non

279 2176 466 2221 Danastums
492 2174 653 2222 hodieque
672 2174 756 2209 enim
776 2176 899 2222 Dnister
917 2175 1063 2224 dicitur.)
1090 2176 1223 2211 ibidem.
1264 2175 1342 2208 Hoc
1363 2182 1471 2207 autem
1495 2169 1673 2206 transmisso
1693 2182 1749 2218 ap-

281 2237 540 2283 propinquarunt
556 2235 699 2268 Danubii
717 2235 929 2280 marginibus,
955 2236 999 2273 &
1011 2247 1133 2282 propere
1149 2235 1238 2279 miffis
1254 2233 1364 2280 legatis
1379 2230 1573 2276 obsecrabant
1588 2229 1750 2265 Valentem

281 2295 379 2332 vellet
387 2296 422 2341 se
437 2306 554 2342 quoque
570 2292 662 2337 simili
680 2293 875 2329 humanitate
893 2307 930 2329 ac
947 2304 1057 2329 ceteros
1075 2294 1199 2334 Gothos,
1222 2294 1263 2328 de
1279 2291 1396 2341 quibus
1413 2304 1490 2326 mox
1508 2291 1665 2331 dicemus,
1687 2290 1751 2337 fi‘fi

277 2358 389 2402 cipere.
425 2352 458 2388 id
478 2362 588 2388 autem
605 2353 649 2388 eis
666 2353 871 2401 denegatum.
912 2354 963 2389 Sic
979 2352 1179 2402 fugientibus
1198 2353 1320 2389 Gothis
1337 2352 1503 2388 Viderichi
1521 2351 1750 2392 Athanaricus,

282 2415 369 2461 cujus
392 2412 482 2461 supra
506 2412 631 2447 mentio
652 2411 749 2456 faeta,
773 2413 857 2449 flare
876 2413 980 2461 gradu
996 2413 1063 2460 fixo
1088 2412 1245 2453 tentabat,
1263 2413 1450 2457 surreblurus
1473 2415 1506 2446 in
1525 2414 1623 2453 vires,
1642 2412 1673 2456 fi
1691 2410 1752 2458 ipse

283 2486 400 2522 quoque
415 2472 614 2519 lacefferetur,
641 2471 739 2508 verba
757 2472 831 2508 sunt
843 2474 1006 2511 Ammiani
1025 2472 1146 2508 ibidem
1164 2475 1195 2508 &
1212 2484 1282 2521 cap.
1293 2483 1328 2518 4.
1371 2471 1431 2507 Sed
1449 2470 1617 2521 postquam
1634 2469 1750 2505 Hunni

284 2531 476 2568 Danastrum
494 2545 623 2582 quoque
640 2533 841 2581 trajecerant,
871 2546 939 2569 eum
958 2534 1126 2581 stupentem
1144 2530 1189 2568 ad
1209 2535 1359 2582 impetum
1380 2534 1527 2580 primum,
1553 2531 1662 2576 amiffls
1682 2532 1752 2577 qui—

285 2591 412 2639 busdam
419 2593 544 2640 suorum
561 2595 718 2643 coegerunt
732 2592 778 2633 ad
787 2592 904 2642 effugia
916 2604 1071 2644 properare
1083 2595 1233 2631 montium
1245 2601 1478 2643 praeruptorum.
1515 2591 1587 2643 Q
1602 2591 1646 2626 rei
1661 2592 1751 2624 novi-

1195 2653 1214 2688 f
1689 2656 1753 2683 tate

1837 288 1906 312 xx!
