2052 3023
964 204 1133 273 [v]

518 603 1569 684 PRAEFATIO.

311 792 977 833 ᾢῦἲᾶῧῲὕῢῴἵθῷῦἓῧῷῢίἓὲἕέίῢ
983 795 1095 834 ιὲῢίἔῖψᾘθ
1102 794 1724 840 *waetesssseaeffisseffletsseffisszffleffl
1732 802 1764 840 ῒὲἳ·

775 957 790 976 ·
874 944 1087 994 CAP.
1164 945 1204 996 Ι.

308 1074 339 1123 §.
357 1088 388 1111 1.
570 1079 602 1113 D
613 1079 646 1113 O
658 1079 721 1113 LE
732 1078 752 1112 S
764 1080 792 1115 C
805 1079 830 1112 E
842 1078 950 1113 NTE
963 1079 1003 1112 M
1025 1092 1076 1114 me
1093 1078 1178 1126 cepit
1195 1077 1336 1115 studium
1353 1080 1498 1117 versandi
1515 1083 1640 1118 codices
1658 1096 1772 1119 manu-

396 1083 563 1264 Α
595 1136 739 1186 scriptos,
764 1141 797 1172 ὅ(
816 1138 855 1172 ad
879 1137 1095 1173 instrufflores
1118 1149 1206 1173 extra
1231 1141 1365 1188 patriam
1390 1139 1540 1176 admissus
1563 1140 1772 1177 bibliothecas

595 1198 659 1231 alio
676 1209 742 1229 non
760 1199 860 1243 magis
878 1197 1019 1231 calebam
1037 1198 1135 1245 quam
1151 1209 1216 1232 non
1232 1199 1311 1232 dum
1327 1199 1431 1233 editos
1447 1200 1634 1245 describere,
1654 1202 1771 1237 canitie

597 1256 797 1289 venerandos
817 1266 890 1288 cum
911 1254 1065 1301 impreffis
1085 1257 1298 1290 committere.
1350 1256 1521 1305 Postquam
1546 1269 1655 1295 autem
1682 1273 1771 1296 anno

308 1316 400 1363 hujus
422 1313 517 1349 seculi
537 1314 635 1348 tertio
657 1311 863 1358 augustiffimi
887 1312 969 1359 regis
989 1314 1210 1349 CAROLl
1236 1315 1314 1349 XII.
1340 1316 1542 1363 providentia
1562 1318 1771 1355 Bibliothecae

307 1376 446 1423 publicae
463 1373 630 1424 Upsalenfi
653 1385 704 1406 me
726 1371 922 1421 praefecerat‚
950 1372 1136 1408 involabam
1154 1376 1186 1409 in
1204 1376 1329 1410 codices
1345 1376 1506 1424 antiquos,
1533 1376 1585 1424 spe
1604 1378 1771 1414 invenien-

305 1433 340 1468 di
361 1433 525 1474 nonnulla,
554 1433 725 1467 minimum
750 1430 949 1466 literaturam
971 1432 1155 1469 Romanam
1172 1433 1338 1480 juvatura.
1387 1437 1471 1471 Haec
1491 1436 1567 1484 quia
1587 1450 1639 1472 me
1658 1438 1771 1474 fefellit

305 1494 495 1542 colligebam
517 1496 604 1528 varia
622 1492 784 1527 historiam
805 1493 927 1541 patriae,
955 1492 1052 1526 medii
1069 1494 1138 1534 aevi,
1164 1493 1366 1535 illustrantia,
1392 1509 1463 1544 quae
1481 1495 1685 1545 postmodum
1702 1500 1770 1534 edi-

305 1555 338 1589 di
364 1555 395 1588 in
419 1557 632 1590 Monumennsse
657 1554 786 1599 ecclefiae
805 1554 1054 1597 Suco-Gothicae,
1079 1556 1155 1590 hinc
1175 1555 1321 1590 conferre
1343 1557 1429 1605 coepi
1452 1558 1663 1594 veterrimum
1682 1559 1771 1596 codi-

303 1626 387 1656 cem,
407 1616 508 1663 vulgo
524 1614 649 1651 dietum
667 1618 873 1662 Argenteum,
897 1617 1117 1651 continentem
1135 1615 1319 1664 fragmenta
1335 1613 1495 1652 sacrorum
1513 1619 1767 1667 Evangeliorum

306 1673 585 1716 Moeso-Gothice,
611 1686 687 1710 cum
707 1674 849 1709 editione
870 1686 967 1722 quam
987 1674 1168 1722 franciscus
1190 1674 1309 1724 Junius·
1335 1673 1426 1710 dedit
1445 1676 1653 1720 Dordrechti,
1679 1691 1768 1715 anno

308 1735 416 1780 1665.

354 1792 385 1843 §.
399 1806 434 1830 2.
460 1792 722 1829 Remorabantur
746 1793 987 1840 aggredientem
1016 1796 1131 1842 partim
1155 1795 1272 1843 exigua
1295 1795 1416 1844 lingua:
1439 1795 1591 1832 Gothicae
1610 1798 1766 1846 cognitio,

305 1854 392 1899 cujus
413 1865 520 1890 tamen
542 1853 670 1902 gustum
689 1854 769 1888 mihi
788 1854 876 1889 dedit
894 1855 1037 1890 Londini
1056 1854 1199 1891 summus
1215 1856 1265 1891 vir
1281 1860 1431 1906 Georgius
1447 1857 1621 1903 Hickestus,
1647 1860 1764 1907 partim

305 1912 477 1949 difficultas
497 1914 625 1962 legendi
646 1913 858 1955 membranas,
887 1927 1023 1963 quarum
1045 1913 1198 1963 scriptura
1220 1914 1366 1965 plurimis
1390 1917 1468 1952 locis
1491 1926 1688 1960 evanuerat3
1713 1916 1765 1954 sed

298 1975 453 2022 juvenilis
473 1974 580 2016 ardor,
608 1977 639 2008 &
657 1974 819 2008 veriorum
840 1975 1020 2011 lestionum
1039 1975 1186 2017 varietas,
1211 1976 1290 2025 quin
1308 1980 1340 2012 &
1358 1976 1655 2026 supplementorum
1675 1978 1767 2025 copia

302 2033 468 2070 stimulum
484 2034 636 2070 addidere
652 2046 692 2069 ne
709 2046 803 2071 antea
818 2036 837 2070 a
851 2036 960 2072 labore
977 2036 1157 2072 desisterem
1173 2049 1270 2086 quam
1288 2039 1450 2086 integrum
1467 2038 1611 2073 codicem
1628 2036 1767 2073 absolve-

302 2108 383 2131 ram.
429 2096 480 2130 Sic
495 2095 642 2131 restituto
658 2095 804 2144 Ulphila,
830 2098 904 2146 quia
921 2097 1059 2147 plurima
1075 2098 1235 2134 sacrorum
1255 2098 1528 2147 Evangelistarum
1545 2098 1617 2133 loca
1633 2096 1767 2133 mirifice

303 2156 448 2192 illustrari
465 2155 628 2197 videbam,
655 2158 772 2193 Latine
789 2158 1004 2196 transferendi
1018 2160 1139 2208 cupido
1154 2158 1249 2195 subiit
1265 2160 1422 2197 animum,
1448 2161 1516 2204 qub
1534 2156 1676 2202 Pluribus
1692 2169 1767 2202 ΡΓΟ·

304 2214 404 2252 desset
420 2213 609 2249 Transsatio
627 2214 711 2248 inter
725 2219 951 2250 vetustiffimas
968 2221 1177 2254 numeranda,
1202 2230 1256 2249 nec
1273 2219 1400 2250 lucerna
1408 2216 1494 2262 soret
1504 2213 1564 2259 fich
1579 2211 1678 2249 modio
1692 2217 1769 2264 post..

301 2286 349 2312 ta.
400 2274 521 2320 Qoto
536 2272 623 2308 enim
639 2273 756 2322 cuique
774 2271 845 2307 satis
861 2271 907 2307 est
922 2272 983 2307 otii
1001 2271 1202 2308 addiscendae
1222 2272 1343 2322 linguae
1359 2272 1541 2309 Gothicae?
1575 2272 1693 2309 Latina
1711 2288 1768 2312 au..

304 2347 385 2376 tem,
399 2333 557 2370 lssandica
572 2336 604 2369 &
616 2332 760 2368 Suecana
769 2331 942 2375 versiones,
959 2345 1032 2382 quae
1048 2333 1094 2369 illi
1107 2334 1126 2371 a
1138 2334 1238 2370 latere
1247 2333 1434 2384 junguntur
1449 2335 1483 2372 in
1499 2334 1640 2374 editione
1653 2337 1765 2374 stock-

303 2393 476 2438 holmenfi‚
502 2405 569 2430 non
587 2392 762 2429 Gothicam
780 2391 1020 2442 repraesentant,
1045 2395 1096 2432 sed
1115 2395 1275 2446 vulgatas·

353 2455 386 2504 §.
401 2469 435 2504 3.
460 2457 499 2490 In
517 2454 788 2490 Annotationibus
804 2455 909 2504 digito
926 2454 1100 2493 monstravi
1120 2457 1280 2507 praecipua
1299 2456 1384 2501 loca,
1409 2455 1526 2506 quibus
1541 2469 1582 2493 ex
1597 2456 1674 2493 cod.
1685 2457 1761 2492 MS.

305 2516 481 2554 editionem
498 2516 671 2566 Junianam
684 2516 939 2561 emendavimus,
964 2518 1043 2568 quin
1057 2520 1092 2555 &
1107 2529 1157 2560 ea,
1182 2517 1300 2567 quibus
1315 2516 1444 2554 Gothus
1460 2516 1513 2552 vel
1528 2526 1762 2611 accuratafiver·

1208 2577 1232 2613 b
1699 2586 1762 2610 one
