2052 3023
653 255 1279 313 PRAEFATIO.

234 356 360 394 tationis
382 366 553 396 annorum,
578 353 693 404 quibus
713 349 882 400 regnabat.
925 348 986 384 Sed
1008 351 1040 383 &
1061 346 1203 393 Zosimus
1223 343 1295 379 heic
1314 342 1394 378 mire
1413 339 1522 377 turbat
1541 349 1700 387 tempora.

235 416 372 466 Culpam
393 414 604 464 expeditionis
620 413 739 449 Italicae
758 412 792 447 in
812 417 1030 446 memoratum
1049 406 1236 442 Stiliconem
1254 404 1445 449 conjiciunt,
1471 400 1612 436 socerum
1628 398 1703 434 Ho-

235 477 330 521 norii,
360 477 417 525 qui
442 477 552 511 animo
574 473 710 511 videndi
734 471 881 522 regiones
904 469 1045 509 Arcadii,
1079 480 1136 517 pet
1157 478 1236 516 quas
1261 463 1425 500 ducendus
1445 471 1514 498 erat
1534 459 1704 499 exercitus,

236 536 382 580 vastatas,
408 536 604 585 tandemque
626 534 708 584 ipsos
731 546 807 569 cum
831 531 961 567 Alarico
986 529 1116 565 Gothos
1139 528 1274 570 delam,
1300 527 1441 576 primum
1461 524 1629 559 Ravennae
1652 518 1705 555 sti-

237 597 407 645 pulabatur
424 597 464 632 de
482 597 644 632 tradendis
661 595 760 645 pleno
771 596 845 642 jure
862 591 978 628 Galliis
999 593 1030 625 δε
1047 589 1221 638 Hispaniis,
1246 586 1361 622 deinde
1379 584 1573 621 discedentes
1591 591 1707 630 aggre-

237 657 387 692 diebatur
409 669 508 705 prope
525 655 717 692 Pollentiam
738 656 770 689 in
788 650 923 700 Alpibus
939 649 1070 684 Cottiis.

289 717 321 765 §.
337 730 370 765 3.
395 717 550 752 Meminit
566 715 659 761 hujus
677 713 824 750 vi&0riae
838 710 1023 749 Prudentius
1038 711 1081 745 ΙΙ.
1098 717 1210 743 contra
1227 704 1460 756 Symmachum
1477 717 1507 741 v.
1520 705 1607 753 695·

531 773 688 810 Tema-vit
703 775 833 811 Geticus
853 782 947 820 nuper
963 769 1061 806 delere
1077 778 1221 817 tyrannus

532 833 676 878 Italiam,
700 836 801 883 patrio
815 835 945 870 veniens
953 833 1080 882 juratus
1094 830 1135 866 ab
1151 830 1270 877 Histro,

536 897 607 933 Hae
621 908 704 932 arces
721 907 843 944 aequare
854 893 929 941 fhlo,
954 895 1034 930 teila
1049 904 1143 929 aurea
1151 890 1296 940 flammis

535 955 677 998 Solvere,
702 957 861 1004 mastrucis
874 966 1008 1004 proceres
1026 954 1138 1001 vestire
1153 961 1283 1001 togatos.

535 1015 682 1067 Jamque
690 1030 797 1058 -ruens,
824 1018 949 1052 Venetos
965 1017 1075 1052 turmis
1090 1015 1282 1063 protriverat
1296 1024 1395 1062 agros,

537 1080 584 1113 Et
598 1079 753 1127 Ligurum
767 1079 915 1126 vastarat
929 1088 1008 1126 opes,
1035 1076 1078 1117 ώ-
1092 1087 1213 1112 amoena
1228 1073 1373 1123 profundi

536 1140 627 1175 Rura
642 1139 736 1181 Padi,
761 1139 952 1188 Tuscumque
963 1138 1063 1185 fidum
1079 1138 1163 1174 vieto
1179 1149 1270 1172 amne
1285 1134 1451 1186 premebat.

247 1194 291 1228 Et
308 1205 408 1232 moxi
889 1203 965 1234 Dux
980 1199 1114 1245 agminis
1129 1198 1309 1245 imperiique

542 1259 757 1306 Christipotens
772 1256 854 1293 nobis
864 1258 997 1304 juvenis
1007 1256 1090 1303 fuit,
1118 1255 1160 1294 ὠ·
1177 1268 1273 1291 comes
1289 1257 1351 1303 ejus

544 1320 654 1364 Atque
668 1326 777 1362 parens
793 1313 937 1351 Stilicho.
1618 1312 1722 1354 Hinc,

542 1375 624 1414 Illic,
651 1372 781 1409 terdenis
795 1385 870 1421 gens
886 1371 1052 1407 exitiabilis
1069 1373 1157 1407 annis

544 1434 726 1474 Pannoniae,
750 1444 852 1481 poenas
870 1429 996 1467 tandem
1012 1429 1114 1465 deleta
1128 1431 1282 1481 pependit.

545 1498 677 1543 Corpora
687 1494 815 1543 famofis
830 1493 904 1528 olim
920 1493 1024 1528 ditata
1039 1494 1153 1538 rapinis

546 1557 586 1590 In
600 1556 734 1591 cumulos
748 1555 886 1603 congesta
894 1555 1017 1602 jacent,
1043 1554 1193 1589 mirabere
1209 1553 1291 1598 (eris,

551 1618 724 1664 Posterius,
744 1616 833 1663 ficlis
848 1614 1015 1650 inhumata
1031 1614 1194 1650 cadavera
1209 1614 1273 1650 late

551 1677 632 1728 Qae
647 1678 823 1715 PoBentinos
841 1686 982 1713 texerunt
996 1676 1096 1722 offibus
1112 1687 1212 1724 agros.

260 1736 407 1778 Patieris,
433 1735 548 1777 leesor,
575 1747 607 1771 te
624 1738 762 1779 moneri,
790 1738 866 1772 hinc
881 1737 1024 1772 constare
1040 1747 1180 1785 tempus,
1202 1749 1267 1786 quo
1284 1736 1382 1773 libros
1399 1738 1493 1774 hosce
1510 1749 1622 1775 contra
1636 1739 1729 1789 Sym-

259 1800 408 1835 machum
432 1798 550 1846 scripsit
573 1800 718 1849 princeps
742 1804 912 1848 poetarum
935 1798 1205 1840 Christianorum,
1233 1800 1386 1836 nimirum
1412 1799 1482 1850 post
1502 1814 1621 1837 annum
1638 1813 1728 1848 402,

260 1873 374 1896 verum
396 1870 469 1896 ante
482 1871 567 1908 409,
594 1872 661 1908 quo
677 1871 762 1895 certe
782 1860 873 1896 aliter
892 1872 1059 1896 canentem
1080 1861 1250 1897 induxiffet
1266 1863 1422 1903 Romam,
1451 1873 1527 1897 tunc
1545 1864 1584 1898 ab
1602 1864 1730 1899 Alarico

262 1932 463 1971 occupatam,
489 1924 521 1955 ὅ(
545 1921 685 1955 nummis
708 1924 804 1957 etiam
830 1923 999 1971 imperium
1025 1924 1100 1957 novi
1125 1925 1207 1971 regis
1229 1923 1467 1972 agnoscentem.
1505 1925 1622 1960 VRBS
1647 1926 1732 1961 RO·

262 1983 346 2022 MA,
374 1983 485 2029 Caput
503 1981 687 2029 galeatum:
714 1984 828 2028 averld
854 1984 896 2017 D.
925 1984 972 2017 N.
1000 1984 1222 2019 ALARICVS
1248 1985 1360 2026 REX,
1386 1985 1417 2019 in
1438 1997 1521 2021 area.
1565 1989 1683 2029 Immo,
1710 1985 1732 2021 fi

264 2042 402 2078 exactius
422 2053 568 2091 tempora
587 2041 809 2091 supputemus,
836 2057 938 2079 annus
958 2046 1019 2079 erit
1029 2057 1119 2091 405,
1145 2057 1212 2094 quo
1233 2046 1310 2080 item
1330 2058 1395 2081 non
1420 2046 1512 2081 solius
1532 2046 1603 2082 libri
1620 2054 1734 2088 ,ιφ-θυμι-

268 2109 354 2143 μιᾶι,
380 2100 430 2137 [ed
451 2102 598 2136 omnium
623 2108 811 2150 poe'matum
834 2105 959 2139 suorum
981 2105 1208 2140 Praefationem
1232 2106 1350 2154 scripsit
1371 2106 1573 2147 Prudentius,
1599 2107 1683 2143 Salia
1700 2111 1734 2144 ὅτ.

268 2161 416 2210 Philippo
432 2162 555 2196 COSS.
575 2173 667 2197 natus
687 2176 719 2198 v.
733 2175 792 2210 24.
814 2164 834 2198 i.
847 2177 877 2198 e.
895 2177 981 2199 anno
996 2167 1079 2210 348,
1104 2169 1136 2200 &
1155 2167 1453 2213 quinquagesimum
1473 2165 1640 2213 septimum
1658 2179 1736 2204 tunc

269 2225 373 2271 (405)
395 2235 514 2257 annum
533 2236 627 2271 agens
645 2237 677 2258 v.
693 2238 722 2259 1.
765 2227 805 2258 Et
827 2226 897 2259 haec
921 2227 1045 2273 optime
1067 2226 1269 2259 conveniunt
1289 2238 1363 2260 cum
1387 2225 1516 2261 terdenis
1537 2231 1637 2272 annis,
1662 2233 1736 2278 qui-

270 2283 330 2319 bus
345 2297 419 2331 gens
437 2283 569 2318 Gothica
593 2283 683 2330 (five,
709 2294 743 2317 ut
764 2285 820 2324 ait,
843 2284 976 2330 Getica)
1003 2284 1167 2319 exitiabilis
1189 2285 1286 2320 fuerit
1302 2288 1478 2326 Pannoniae‚
1506 2287 1526 2322 i.
1540 2299 1569 2322 e.
1589 2287 1630 2323 ab
1648 2303 1735 2325 anno

273 2357 357 2395 375,
383 2357 448 2392 quo
469 2345 574 2379 Gothi
598 2343 657 2379 suis
682 2343 806 2380 {edibus
830 2344 937 2380 furore
960 2346 1156 2380 Hunnorum
1179 2346 1312 2394 expulli,
1340 2347 1457 2394 partim
1479 2346 1512 2382 in
1534 2348 1734 2387 Pannoniam

273 2406 484 2453 aufugerunt,
510 2418 609 2440 novas
632 2405 687 2441 fibi
711 2418 887 2455 quaerentes
908 2418 1018 2447 terraS,
1046 2406 1124 2442 ficut
1144 2408 1283 2443 diximus
1302 2420 1372 2457 cap.
1385 2415 1419 2446 6.
1440 2414 1513 2455 §.41
1554 2413 1673 2459 Atque,
1700 2422 1737 2447 ut

274 2468 307 2502 id
330 2465 488 2513 adjiciam,
514 2467 629 2502 eodem
654 2468 715 2502 hoc
737 2481 836 2510 anno,
863 2469 1015 2504 nimirum
1033 2480 1120 2516 405.
1143 2469 1182 2504 de
1203 2468 1291 2504 Bello
1312 2471 1430 2505 Getico
1452 2469 1571 2518 scripsit
1591 2472 1739 2511 Claudia·

274 2541 340 2564 nus.

1605 2651 1739 2703 v06323

1781 261 1891 286 xxvu
