2052 3023
673 254 1296 303 PRAEFATIO.

256 346 371 379 Getam
396 343 540 380 occiderit
555 342 709 391 fratrem,
733 342 778 382 ά
801 342 897 378 Gothi
919 343 1015 377 Getae
1036 341 1221 381 dicerentur,
1246 354 1318 390 quos
1343 341 1391 377 iae
1415 341 1489 377 dum
1514 342 1559 377 ad
1579 346 1725 381 orientem

253 405 385 450 transiit,
418 404 630 440 tumultuariis
646 404 754 452 proeliis
770 403 946 445 devicerat,
971 403 1156 452 Spartianus
1175 403 1240 439 vita
1256 402 1426 438 Caracallae
1443 414 1512 452 cap.
1528 417 1584 441 10.
1625 405 1728 440 Erant

253 463 362 512 itaque
385 475 465 499 tunc
484 464 590 500 Gothi
612 464 646 498 in
669 464 770 500 Dacia
789 462 933 510 Trajani,
960 475 1046 499 nunc
1065 463 1316 511 Transylvania‚
1343 474 1432 498 anno
1454 474 1527 498 aerae
1545 464 1626 500 Chr.
1640 474 1726 510 214.

254 523 318 559 illic
333 525 418 560 enim
437 525 638 574 aliquantum
657 523 844 559 morabatur
861 524 998 560 Ausonia
1023 525 1091 560 haec
1112 523 1211 559 bestia
1229 523 1261 559 in
1280 524 1392 559 itinere
1408 522 1601 560 constitutus
1621 525 1727 560 orien-

254 583 322 626 tali,
347 596 406 620 ceu
423 585 508 619 idem
525 586 710 633 Spartianus
726 582 823 624 testis,
849 595 917 632 cap.
932 594 965 629 ς.

304 641 337 690 §.
352 655 385 690 3.
412 644 544 679 Gothos
561 643 621 677 hac
637 651 731 677 aetate
747 641 780 675 in
798 641 939 675 Thracia
958 640 1054 675 etiam
1074 637 1163 674 fuiffe
1184 638 1381 675 credendum
1398 640 1580 688 Symmacho
1599 639 1726 676 histori-

255 712 306 742 co,
332 702 421 748 cujus
443 701 663 749 fiagmentum
685 696 779 734 nobis
800 697 939 733 servavit
953 697 1134 747 Jornandes
1151 698 1288 739 Geticis,
1313 710 1382 746 cap.
1400 711 1457 746 15.
1498 699 1614 735 Scribit
1638 699 1725 735 enim

255 760 490 801 Maximinum,
518 759 574 809 qui
591 758 776 794 Alexandro
793 758 912 794 Severo
927 757 969 793 ab
985 758 1140 799 exercitu,
1166 769 1238 808 quae
1254 768 1321 793 erat
1340 758 1425 793 illius
1445 758 1573 808 imperii
1593 757 1730 794 infitlici·

256 830 303 855 tas
323 824 356 856 ὃ(
377 832 427 856 tot
449 820 609 856 malorum
633 820 739 868 origo,
767 821 846 869 quin
870 823 901 855 ὅ(
922 821 1081 870 praecipua
1102 820 1250 855 interitus
1271 818 1386 860 causs'a,
1412 818 1516 855 faetus
1536 822 1730 868 Imperator,

254 893 291 916 ex
304 881 420 928 infimis
434 881 610 930 parentibus
630 884 664 916 in
682 881 817 917 Thracia
835 890 946 917 natum
965 881 1031 928 effi,
1054 890 1144 930 patre
1159 880 1262 918 Gotho
1276 883 1396 916 nomine
1412 883 1524 917 Micca
1548 879 1610 927 (fic
1629 879 1730 916 codd.

255 938 413 982 meliores,
440 942 518 990 quin
542 945 572 977 ὃ(
593 940 774 990 Jornandes
796 940 836 976 de
858 940 1053 989 Regnorum
1077 940 1234 987 Succeff.)
1259 951 1361 976 matre
1378 939 1501 981 Alana,
1526 952 1597 989 quae
1615 938 1730 976 Ababa

255 999 346 1045 (cod.
363 1010 433 1049 opt.
445 1002 632 1045 Vaticanus,
651 1001 728 1036 olim
743 1000 916 1042 Palatinus,
933 1000 1060 1042 Aban,
1080 1003 1168 1050 quod
1183 1001 1300 1051 probo,
1320 1013 1413 1038 vetus
1428 1002 1515 1036 enim
1531 1005 1564 1037 &
1580 1000 1730 1049 ftequens

253 1060 562 1109 Septentrionalibus
578 1061 702 1103 nostris,
724 1062 846 1102 Haber,
867 1061 1047 1110 Jornandes
1063 1063 1153 1099 dicke
1170 1063 1245 1098 loco
1259 1063 1416 1113 Abaqua)
1436 1061 1613 1102 dicebatur,
1639 1060 1729 1096 unde

255 1133 386 1171 quoque
401 1123 560 1172 Septimio
577 1125 697 1159 Severo
716 1136 773 1173 per
785 1125 902 1168 jocum
914 1123 1095 1168 Thracilcus
1109 1124 1270 1162 audiebat.
1310 1124 1504 1162 Herodianus
1522 1122 1582 1159 lib.
1591 1135 1642 1159 v1.
1659 1134 1731 1170 cap.

261 1181 294 1217 8·
319 1183 363 1216 ait
384 1196 459 1218 eum
477 1183 566 1218 fuisse
588 1187 617 1217 τὲ
634 1187 677 1222 μὲν
691 1186 756 1225 ,ἕως
772 1191 822 1217 τῦ,
839 1185 969 1218 bhm'n·
984 1193 1097 1227 Θοαόι
1114 1195 1140 1232 ,9
1155 1189 1351 1232 μιξοὲαιςξάςυυ,
1375 1186 1422 1222 &vi
1439 1203 1496 1223 τινος
1511 1187 1597 1227 niun,
1623 1184 1639 1221 ὲ
1657 1195 1731 1232 quo·

256 1240 331 1276 dam
344 1242 498 1282 Thraciae,
519 1243 562 1281 ὠ
577 1243 701 1290 quidem
717 1245 837 1276 intimae
852 1245 938 1285 vico,
953 1244 1212 1289 semibarbarum.
1249 1247 1342 1290 Qia
1359 1259 1437 1280 vero
1456 1246 1512 1280 sub
1531 1246 1594 1280 hoc
1609 1246 1732 1281 Severo

259 1302 390 1340 meruit,
416 1304 449 1334 &
464 1301 615 1348 provefta
635 1300 768 1333 demum
787 1309 881 1333 aetate
901 1301 934 1333 in
953 1302 1198 1347 imperatorium
1220 1302 1359 1336 sublatus
1374 1303 1419 1338 est
1437 1302 1614 1349 fastigium,
1644 1312 1733 1337 anno

257 1371 331 1394 aerae
349 1360 427 1394 Chr.
444 1371 485 1407 23
497 1372 526 1405 5.
545 1369 673 1406 oportet
690 1359 796 1394 seculo
810 1371 843 1395 11
857 1369 1012 1407 vergente
1029 1371 1175 1409 parentes
1191 1362 1257 1409 ejus
1269 1361 1452 1397 Thraciam
1471 1360 1672 1397 inhabitaffe.

305 1418 384 1467 §.4.
411 1420 478 1454 Sub
495 1419 665 1454 Gordiano
677 1422 736 1461 111,
759 1419 815 1467 qui
835 1418 876 1454 ab
895 1431 981 1454 anno
995 1423 1068 1469 238
1089 1421 1128 1455 ad
1146 1432 1218 1467 244
1238 1421 1422 1470 imperavit,
1444 1420 1559 1462 dudi-u,
1583 1433 1640 1456 ceu
1656 1433 1732 1470 pro-

257 1478 364 1514 babile
381 1479 437 1520 est,
464 1479 609 1514 Misithei
628 1481 757 1515 Gothos
775 1479 878 1514 vidtos
895 1479 1017 1515 constat
1037 1481 1156 1516 indicio
1175 1481 1277 1523 tituli,
1303 1495 1401 1531 quem
1417 1482 1446 1516 ei
1465 1492 1595 1517 mortuo
1612 1481 1731 1517 statue-

257 1549 333 1575 runt
351 1540 466 1575 milites
488 1544 520 1576 ὃ(
539 1541 729 1589 Capitolinus
747 1542 778 1576 in
796 1541 970 1577 Gordianis
987 1554 1056 1588 cap.
1072 1553 1121 1588 34
1140 1541 1182 1576 ad
1205 1542 1422 1590 posteritatem
1440 1540 1612 1576 transmisit
1627 1552 1636 1575 z
1667 1544 1732 1577 DI-

257 1602 327 1637 VO
353 1602 612 1638 GORDIANO
639 1603 839 1638 VICTORI
866 1603 1149 1643 PERSARUM,
1186 1603 1385 1638 VICTORI
1412 1603 1731 1644 GOTHORUM,

258 1661 462 1697 VICTORI
485 1662 848 1704 SARMATARUM,
874 1666 906 1699 ὅ(
929 1662 1062 1712 reliqua.
1114 1664 1214 1698 Αᾶὶυς
1238 1666 1322 1700 haud
1345 1664 1442 1700 dubie
1469 1665 1508 1700 de
1531 1666 1593 1702 illis
1615 1667 1730 1701 triurn-

257 1722 340 1770 phus
361 1724 394 1757 in
417 1723 480 1771 ipsa
500 1724 705 1772 expeditione
724 1723 848 1760 Perfica
871 1736 956 1759 anno
976 1736 1059 1770 242,
1089 1726 1121 1759 in
1145 1737 1205 1773 qua
1227 1726 1382 1774 quidquid
1407 1725 1545 1761 hostium
1568 1729 1600 1762 in
1618 1728 1731 1762 Thra-

258 1781 313 1815 ciis
336 1781 408 1825 fuit,
434 1781 567 1822 delevit,
592 1781 729 1829 fugavit,
754 1782 873 1830 expulit
893 1794 988 1831 atque
1012 1782 1188 1825 submovit,
1215 1796 1272 1818 ceu
1292 1785 1336 1819 ait
1352 1785 1541 1834 Capitolinus
1563 1785 1619 1821 lib.
1642 1785 1731 1821 dicto

258 1853 330 1890 cap.
343 1843 404 1880 26.

309 1901 341 1950 §.
356 1915 389 1950 5.
414 1901 574 1937 Romanis
592 1904 659 1951 jam
684 1904 807 1953 pridem
829 1905 1002 1941 foederatos
1023 1910 1055 1942 &
1076 1920 1180 1942 annua
1205 1920 1338 1942 munera
1359 1906 1415 1942 fibi
1438 1906 1601 1956 stipulatos
1625 1907 1729 1949 fuisse,

259 1974 333 1997 cum
350 1963 478 1998 aliunde
493 1974 620 2004 notum,
640 1975 708 1999 tum
727 1977 766 2000 ex
780 1965 882 2001 cauffa
899 1967 1138 2003 inimicitiarum
1157 1981 1230 2003 cum
1244 1968 1395 2017 Philippo
1410 1969 1616 2016 imperatore.
1643 1970 1728 2005 Timo

259 2026 340 2059 enim
357 2023 452 2059 Gothi
472 2024 614 2069 dzstraeh
627 2025 688 2070 fibi
708 2025 856 2074 stipendia
870 2027 932 2073 sua
950 2027 1087 2075 ferenter
1104 2041 1195 2076 aegre,
1223 2027 1262 2062 de
1285 2031 1394 2063 amicis
1408 2027 1493 2077 fabii
1505 2031 1581 2075 sunt
1600 2031 1731 2064 inimici.

260 2085 352 2121 Nam
369 2087 519 2132 quamvis
538 2088 646 2120 remoti
658 2085 718 2130 sub
737 2086 855 2134 regibus
875 2090 1030 2123 viverent
1046 2087 1123 2133 fitis,
1149 2087 1322 2135 reipublicae
1344 2099 1449 2124 tamen
1464 2092 1614 2125 Romame
1626 2088 1732 2135 foede-

259 2147 323 2180 rati
339 2154 438 2184 erant,
464 2143 508 2183 ῥ’
523 2158 627 2179 annua
644 2158 772 2180 munera
789 2147 1007 2195 percipiebant,
1036 2159 1094 2182 ceu
1110 2148 1154 2182 ait
1169 2148 1347 2197 Jornandes
1365 2150 1485 2183 Geticis
1504 2161 1573 2196 cap.
1587 2149 1643 2188 16,
1671 2148 1729 2182 ubi

260 2206 356 2240 etiam
372 2205 467 2238 docet
483 2203 756 2244 Ostro-Gotham,
784 2207 916 2253 quintus
934 2207 958 2240 is
975 2218 1042 2241 erat
1060 2208 1078 2242 ὲ
1097 2210 1206 2255 Gapto
1222 2208 1289 2253 (vel
1308 2208 1458 2254 Gautho)
1481 2218 1557 2242 tunc
1572 2221 1645 2242 cum
1667 2206 1730 2242 suis

260 2261 410 2298 tranfiiffe
434 2262 634 2303 Danubium,
661 2262 811 2297 Moefiam
838 2263 1083 2312 Thraciamque
1107 2264 1248 2300 vastaffe.
1295 2265 1405 2301 Triste
1432 2267 1494 2300 hoc
1517 2266 1640 2314 prorsus
1665 2267 1728 2302 fuit

262 2322 433 2357 Romanis.
465 2320 586 2354 etenim
605 2319 731 2360 milites,
755 2322 829 2369 quia
846 2321 1011 2356 transitum
1029 2324 1216 2358 Gothorum
1236 2323 1409 2372 prohibere
1425 2326 1649 2373 nequiverant,
1671 2338 1726 2362 ex-

262 2380 526 2422 auctorabantur,
553 2379 634 2428 quod
650 2380 694 2415 illi
714 2380 880 2428 indignati,
908 2379 1005 2416 verba
1029 2381 1100 2418 sunt
1123 2383 1306 2430 Jornandi5‚
1332 2383 1376 2419 ad
1395 2385 1609 2428 Ostra-(iotha
1632 2389 1725 2421 auxi-

261 2441 338 2477 lium
355 2440 565 2488 confugerunt.
602 2442 664 2494 Q
681 2445 828 2489 excipiens
845 2453 903 2482 coss
921 2455 1079 2492 eorumque
1093 2444 1199 2480 verbis
1215 2445 1366 2490 accenfits,
1388 2459 1459 2481 mox
1476 2456 1612 2482 trecenta
1627 2447 1726 2483 miHia

263 2499 328 2547 (fic
344 2501 460 2548 optimi
478 2499 573 2537 codd.
590 2502 751 2536 Palatinus
768 2505 800 2536 &
815 2501 935 2537 Nazar.
953 2515 1018 2538 non
1035 2507 1164 2552 triginta
1180 2505 1298 2550 mima)
1319 2507 1459 2539 virorum
1474 2516 1599 2541 armata
1611 2505 1721 2553 produ-

263 2563 313 2597 xit
326 2561 371 2598 ad
381 2561 530 2610 proelium,
554 2562 699 2600 adhibitis
709 2564 772 2610 fibi
787 2563 905 2612 Tazfilis
924 2564 967 2605 ὠ·
978 2566 1128 2616 Astringis
1147 2564 1189 2606 ὠ·
1201 2570 1366 2615 Carporum
1383 2569 1446 2603 tria
1460 2567 1568 2604 millia.
1601 2586 1648 2595 ·--
1660 2569 1723 2601 His

1611 2624 1722 2662 addens

1843 268 1893 294 XV
