2052 3023
156 275 248 301 xxvi

767 262 1385 314 PRAEFATIO.

347 352 427 389 tibus
435 352 501 399 suis
516 362 567 400 pro
583 350 745 400 affeiiionis
758 353 868 399 gratia
882 350 940 397 (fic
956 351 1029 399 lege
1046 363 1119 386 cum
1137 350 1210 386 cod.
1225 350 1329 386 Palat.
1349 350 1454 397 ficque
1469 360 1541 397 cap.
1555 351 1613 386 28.
1629 362 1722 399 quem
1734 352 1815 399 prin-

347 425 412 464 ceps
428 413 592 462 affebiionis
604 414 715 461 gratia
731 411 834 460 dignae
850 411 987 458 tradidit¹
993 411 1174 459 sepulturae)
1196 411 1470 460 evangelizantes,
1494 409 1582 458 hujus
1601 411 1736 458 perfidiae
1755 412 1815 457 (A-

346 473 461 519 rianae)
485 471 641 508 culturam
661 469 827 512 edocentes,
853 484 972 506 omnem
992 470 1103 519 ubique
1121 469 1235 519 linguae
1257 470 1345 520 hujus
1361 472 1515 507 nationem
1531 469 1574 505 ad
1591 470 1744 508 culturam
1760 470 1815 507 hu-

337 536 390 583 jus
394 536 489 582 seetae
505 535 703 568 invitavere.

938 612 971 647 C
999 614 1027 646 A
1055 612 1090 647 P.
1144 612 1220 647 V11.

346 705 379 755 ᾧ.
394 719 423 742 1·
437 708 548 789 VA
560 719 579 742 1.
594 718 611 741 ε
624 718 706 742 NTE
733 714 865 740 mortuo
881 702 1056 738 Gratianus
1072 701 1320 751 amplitudinem
1338 700 1550 736 terminorum
1570 700 1696 752 imperii
1716 702 1818 739 confi-

549 766 663 801 dei-ans
686 769 717 801 &
739 762 983 800 multitudinem
1008 763 1160 803 hostium,
1187 775 1274 797 anno
1296 763 1442 811 proxime
1464 760 1608 810 sequenti
1631 763 1762 798 ineunte
1784 763 1818 797 in

347 826 529 863 societatem
548 828 705 876 regnandi
720 826 853 862 adscivit
863 824 1105 866 Theodofium,
1131 837 1207 860 cum
1226 823 1380 859 illustrem
1398 824 1438 859 de
1455 823 1572 858 Gothis
1589 823 1754 859 vicl-oriam
1772 835 1820 859 re·

349 897 544 937 portaverat.
585 888 716 924 Etenim
733 887 933 935 Fritigernus
955 885 1091 921 successu
1110 896 1276 921 armorum
1295 883 1452 918 utendum
1473 893 1559 918 ratus
1577 883 1621 918 ad
1635 883 1819 930 Yheffizliam

347 947 562 996 praedandam,
590 952 694 997 Epiros
711 948 925 989 &Achaiam
945 946 1086 996 digreffus
1106 947 1158 994 est,
1184 944 1338 982 Alatheus
1356 957 1431 979 vero
1449 943 1491 982 ὠ·
1506 944 1648 993 Saphrax
1664 957 1734 980 cum
1749 944 1820 990 refi-

348 1005 416 1041 duis
433 1010 522 1054 copiis
539 1010 732 1044 Pannoniam
748 1010 915 1057 petierunt,
941 1006 1119 1055 jornandes
1141 1018 1212 1053 cap.
1228 1017 1287 1052 27.
1327 1005 1369 1039 Et
1390 1005 1451 1039 hoc
1468 1004 1595 1052 quidem
1613 1015 1760 1053 tempore
1778 1004 1821 1037 A·

349 1064 541 1106 dianaticus,
568 1065 627 1102 five
644 1066 731 1115 quod
749 1064 900 1101 ambierit
918 1065 1092 1100 amicitiam
1108 1065 1352 1107 Romanorum,
1378 1063 1441 1099 five
1457 1073 1618 1104 exoratus,
1643 1075 1739 1111 opem
1756 1060 1819 1097 illis

349 1126 425 1162 tulit
441 1126 588 1162 adversus
606 1127 838 1175 Fritigernum,
865 1125 1052 1175 trajecitque
1069 1124 1257 1161 Danubium
1279 1137 1364 1159 anno
1380 1137 1463 1172 379,
1488 1136 1555 1173 quo
1574 1124 1644 1174 post
1664 1123 1821 1171 infignem

349 1187 390 1222 de
407 1186 467 1222 suis
482 1189 647 1236 quondam
662 1188 781 1223 Gothis
798 1186 983 1227 victoriam,
1009 1186 1100 1231 cujus
1117 1185 1264 1221 meminit
1279 1184 1404 1220 Idacius
1421 1184 1461 1219 ad
1476 1184 1675 1219 consulatum
1691 1180 1821 1219 Ausonii

346 1250 380 1283 &
396 1247 542 1296 Olybrii,
569 1250 756 1287 Gratiarum,
783 1246 976 1282 Theodofio
997 1246 1090 1292 gravi
1111 1245 1229 1279 morbo
1248 1241 1476 1282 decumbente,
1495 1243 1607 1291 gratia
1628 1257 1673 1278 eos
1688 1245 1823 1278 muneri-

345 1305 458 1355 busque
478 1308 632 1348 victurus,
655 1318 824 1356 pacemque
847 1305 1004 1342 vielualia
1029 1304 1087 1339 illis
1110 1302 1283 1342 concedens,
1311 1315 1382 1338 cum
1407 1302 1465 1337 iHis
1485 1305 1562 1338 inito
1576 1304 1708 1352 foedere,
1726 1304 1823 1352 fecit.

346 1365 446 1402 verba
463 1365 535 1401 sunt
551 1366 725 1414 Jornandis
743 1367 817 1401 loco
834 1366 947 1407 citato,
972 1365 1029 1413 qui
1044 1362 1134 1398 addit
1149 1375 1157 1395 :
1184 1361 1237 1397 ubi
1255 1375 1332 1397 vero
1349 1363 1411 1409 poll
1426 1361 1492 1398 haec
1506 1363 1682 1408 Theodosius
1703 1377 1821 1400 conva-

347 1427 406 1464 luit
421 1430 603 1476 Imperator,
628 1430 799 1477 reperitque
816 1429 1008 1463 Gratianum
1027 1437 1097 1461 cum
1115 1421 1228 1459 Gothis
1251 1421 1294 1463 ά
1309 1425 1459 1459 Romanis
1478 1425 1635 1473 pepegiffe,
1661 1425 1744 1474 quod
1762 1425 1821 1474 ipse

348 1497 528 1537 optaverat,
550 1487 716 1524 admodum
728 1497 821 1537 grato
836 1491 938 1523 animo
949 1486 1066 1535 ferens,
1095 1483 1139 1524 (θ’
1150 1485 1210 1532 ipse
1225 1482 1283 1519 hac
1296 1494 1386 1532 parte
1401 1485 1558 1532 consensit.
1582 1485 1639 1532 (fic
1654 1486 1729 1535 lego
1745 1499 1820 1522 cum

350 1547 453 1585 Palat.
466 1552 498 1585 &
512 1548 751 1594 Ambrosiam.)
783 1546 908 1582 Merito
925 1547 969 1582 ait
980 1546 1208 1582 Theodosium
1227 1544 1403 1592 consenfiffb,
1425 1546 1492 1594 ejus
1508 1546 1595 1581 enim
1612 1547 1752 1596 imperio
1770 1559 1820 1582 re·

349 1610 487 1659 gebatur
501 1610 619 1653 oriens,
644 1608 763 1644 Moefia
776 1608 997 1657 Thraciaque.
1037 1608 1139 1643 Hunc
1161 1608 1258 1643 etiam
1277 1607 1489 1642 Athanaricus
1507 1606 1713 1656 postmodum
1731 1611 1821 1644 Con·

351 1670 594 1720 stantinopolim
612 1668 760 1719 sequutus
776 1669 833 1711 est,
858 1668 967 1718 ibique
983 1681 1068 1704 anno
1082 1672 1125 1715 38
1136 1682 1149 1706 1
1165 1678 1326 1704 mortuuS.
1364 1669 1463 1705 Gothi
1479 1678 1596 1710 autem,
1619 1673 1734 1718 proprio
1751 1684 1821 1719 rege

352 1731 503 1782 defunc‘lo,
529 1733 705 1781 aspicientes
729 1730 949 1778 benignitatem
972 1728 1125 1773 Theodosii
1146 1731 1356 1778 Imperatoris,
1381 1731 1457 1765 inito
1475 1729 1603 1776 foedere,
1629 1734 1768 1767 Romano
1787 1731 1824 1777 se

354 1794 479 1839 imperio
493 1789 698 1826 tradiderunt.
730 1789 871 1825 Isidorus
887 1801 949 1823 aera
969 1799 1143 1824 ccccxnt.
1182 1789 1224 1823 Et
1240 1801 1279 1824 ex
1297 1788 1334 1822 iis
1349 1798 1462 1823 contra
1475 1789 1673 1836 Eugenium,
1697 1792 1752 1839 qui
1768 1802 1824 1825 oc·

354 1849 417 1885 ciso
436 1852 592 1886 Gratiano
608 1863 694 1885 anno
712 1849 792 1884 Chr.
806 1849 852 1882 N.
861 1850 902 1894 38
910 1861 926 1894 3
947 1847 1069 1883 Gallias
1088 1858 1317 1896 occupaverat,
1342 1847 1504 1896 plusquam
1522 1851 1643 1897 viginti
1659 1850 1756 1885 miHia
1770 1863 1821 1885 ar-

353 1921 507 1947 matorum
516 1912 621 1958 secum
637 1909 751 1956 duxzſje
766 1908 971 1954 Theodosium,
997 1909 1189 1957 vilioriaque
1206 1908 1243 1944 de
1259 1908 1402 1958 praedicio
1419 1919 1543 1959 tyranno
1558 1912 1705 1959 potitum,
1731 1910 1822 1946 ultio-

354 1985 424 2008 nem
441 1974 564 2021 exegiffe
581 1974 675 2007 docet
691 1971 870 2019 Jornandes
885 1983 956 2019 cap.
970 1973 1029 2006 28.

403 2031 436 2081 §.
449 2047 482 2069 2.
510 2031 697 2068 Theodofio
713 2041 845 2067 mortuo
862 2043 947 2065 anno
963 2042 1045 2079 395.
1081 2028 1179 2067 Gothi
1199 2040 1341 2066 verentes
1361 2043 1398 2064 ne
1418 2029 1509 2078 longa
1525 2041 1600 2078 pace
1619 2043 1719 2065 eorum
1737 2030 1823 2076 resol-

356 2102 483 2128 veretur
493 2092 659 2140 fhrtitudo,
686 2091 826 2126 ordinant
844 2091 928 2138 fieper
941 2090 975 2137 se
990 2103 1091 2138 regem
1110 2090 1286 2130 Alaricum,
1313 2093 1362 2126 cui
1381 2100 1449 2125 erat
1468 2092 1530 2137 post
1546 2090 1675 2125 Amalos
1688 2090 1823 2136 secunda

354 2152 508 2195 nobilitas,
540 2153 722 2189 Balthorum
749 2165 786 2187 ex
807 2164 918 2200 genere
942 2154 1022 2200 origo
1046 2151 1189 2198 mirifica,
1224 2153 1278 2199 qui
1302 2149 1418 2186 dudum
1442 2149 1477 2184 ob
1501 2148 1667 2184 audaciam
1689 2153 1822 2185 virtutis

358 2213 487 2253 Baltha,
512 2216 533 2247 i.
547 2226 572 2247 e.
593 2212 710 2252 audax,
735 2224 842 2245 nomen
859 2213 940 2245 inter
951 2209 1019 2256 suos
1038 2220 1209 2258 acceperat.
1254 2213 1337 2245 Mox
1356 2219 1391 2245 ut
1412 2222 1480 2257 ergo
1498 2208 1657 2256 antefatus
1676 2209 1822 2244 Alaricus

356 2281 475 2307 creatus
497 2273 535 2318 esi
551 2285 616 2310 rex,
643 2284 711 2306 cum
723 2270 787 2317 suis
807 2268 974 2304 deliberans
987 2268 1085 2314 suasit
1107 2282 1151 2302 eos
1163 2267 1219 2314 suo
1238 2268 1338 2303 labore
1355 2281 1488 2317 quaerere
1504 2280 1610 2315 regna,
1636 2280 1730 2314 quam
1747 2268 1822 2302 alie-

357 2333 404 2365 nie
423 2342 475 2379 per
492 2334 587 2365 otium
601 2331 776 2377 subjacere.-
803 2330 958 2374 &sumto
978 2333 1125 2370 exercitu,
1149 2341 1200 2377 per
1215 2332 1402 2371 Pannonias,
1428 2329 1576 2364 Stilicone
1597 2327 1639 2366 ὠ·
1654 2327 1822 2362 Aureliano

357 2395 474 2430 COSS.
499 2391 541 2430 ῤ’
562 2403 612 2440 per
630 2393 778 2426 Sirmium
799 2389 906 2424 dextro
927 2389 1022 2425 latere
1045 2392 1131 2439 quasi
1150 2393 1232 2426 viris
1257 2403 1395 2425 vacuam
1418 2391 1557 2424 intravit
1579 2388 1720 2423 Italiam.
1769 2388 1821 2423 Sic

357 2450 532 2500 Jornandes
551 2465 620 2500 cap.
638 2463 695 2498 29.
719 2450 830 2484 Stilico
847 2459 954 2484 autem
973 2454 1004 2485 ὃ(
1023 2451 1208 2486 Aurelianus
1226 2450 1347 2486 COSS.
1364 2461 1453 2486 erant
1473 2462 1559 2484 anno
1573 2462 1657 2495 400.
1693 2449 1821 2493 Jfidorus

356 2514 394 2548 ad
421 2525 541 2548 annum
563 2512 686 2560 imperii
709 2510 926 2545 Theodofiani
952 2521 1112 2559 quartum,
1139 2513 1158 2546 i.
1177 2524 1207 2546 e.
1227 2511 1310 2546 Chr.
1330 2513 1381 2545 N.
1402 2514 1485 2560 382,
1512 2510 1652 2558 adeoque
1673 2509 1691 2544 a
1714 2519 1819 2543 morte

358 2574 540 2609 Athanarici
559 2572 757 2621 proximum,
781 2570 877 2606 refert
893 2572 1022 2607 exordia
1042 2574 1131 2621 regni
1147 2572 1277 2614 Alarici,
1303 2575 1335 2608 ὅ(
1352 2574 1426 2609 hinc
1447 2572 1502 2608 illa
1522 2570 1683 2608 diverfitas
1702 2571 1818 2618 suppu-

1690 2641 1819 2666 tationis
