2052 3023
338 253 443 297 Ups
458 268 568 297 ALAE
590 249 874 297 Academiam
895 248 1104 315 invfferes.
1161 249 1234 298 Ibi
1256 248 1336 310 Tu,
1364 252 1463 297 V1R
1491 254 1541 298 N
1550 270 1610 299 OB
1624 271 1806 300 lmsst-

343 349 377 377 M
391 349 432 388 E,
475 333 554 377 Ox
567 349 594 376 O
608 349 637 376 N
652 349 689 376 11
716 329 848 393 nostri
872 331 900 389 f
895 348 955 376 an
974 329 1058 376 Yia’
1074 329 1216 378 dicam
1230 334 1282 394 ff)
1306 330 1428 378 decus
1450 329 1510 380 &³
1529 330 1699 390 deliciae,
1733 332 1806 378 a'o-

338 407 610 472 efliffimorum
619 406 865 474 sacietatem
891 407 1066 466 colendo,
1099 427 1244 455 eorum
1251 409 1489 475 sententias
1509 409 1561 456 de
1581 414 1695 457 omni
1714 423 1809 457 tam

332 487 608 552 philosophice,
647 504 779 550 quam
807 486 1013 549 politioris
1048 485 1331 532 humanitatis
1359 505 1516 551 genere
1537 487 1806 554 stssitanah,

339 565 477 613 Tuam
503 568 681 611 invicem
706 561 889 620 dicendo,
923 559 1103 626 effecisti,
1140 575 1191 607 ut
1215 565 1457 610 maximam
1481 566 1533 611 de
1553 565 1609 612 Te
1628 571 1809 631 concipe-

339 659 438 692 rent
463 648 689 709 opinionem
715 645 894 688 UPSAL
908 660 931 688 E
945 660 975 688 N
992 660 1009 688 s
1024 660 1048 688 E
1063 659 1080 688 s
1101 662 1114 701 ;
1154 660 1250 707 quae
1275 640 1337 691 &⁹
1362 642 1489 706 apud
1515 661 1577 690 eos
1602 658 1695 692 tam
1715 646 1809 710 fir-

335 744 410 772 ma
435 724 500 772 ad
518 723 766 771 hodiernum
791 726 918 789 usque
943 721 1054 769 a'iem
1072 722 1327 787 permanstt,
1356 735 1407 768 ut
1431 723 1541 770 nihil
1559 728 1609 771 iis
1636 725 1809 772 charius

322 804 401 869 stt,
439 802 548 849 nihil
568 820 647 867 quo
656 799 710 867 se
734 805 872 866 magis
885 800 1072 864 jactent,
1109 818 1242 866 quam
1267 800 1520 849 honoratum
1546 802 1608 852 &⁹
1625 804 1807 852 amabile

339 901 486 930 nomen
526 884 603 929 CA
614 901 639 928 R
651 901 679 929 T
694 900 717 928 E
730 901 756 929 R
770 901 793 928 E
807 900 834 928 T
847 900 875 928 1.
948 880 1264 928 Advenientem
1298 885 1458 947 excepit
1494 881 1551 930 Te
1592 886 1627 930 B
1638 902 1660 930 E
1676 903 1705 931 N
1719 902 1744 931 z
1758 902 1809 931 E-

342 982 390 1009 Ll
402 981 471 1021 US,
500 964 590 1009 Vir
610 981 658 1009 ea
668 962 919 1028 sagacitate
939 966 984 1010 in
1003 960 1284 1029 dignoscendis
1303 962 1518 1011 hominum
1537 968 1727 1030 ingeniis,
1760 978 1809 1011 ut

336 1046 514 1089 eximias
541 1041 734 1108 Hospitis
758 1043 869 1090 dotes
894 1046 972 1090 cito
992 1043 1271 1109 perspexerit.
1342 1044 1408 1091 Et
1434 1043 1522 1091 haec
1535 1043 1638 1108 fuit
1663 1044 1807 1109 cazffa,

336 1141 418 1170 cur
426 1123 576 1188 ficum
587 1121 816 1188 statuiffizt,
845 1124 1091 1187 parvulum
1116 1123 1202 1181 hoc,
1225 1125 1274 1188 fi
1295 1125 1441 1170 molem
1451 1123 1631 1188 spectes,
1660 1127 1809 1170 amici-

337 1205 410 1248 tiae
435 1213 750 1247 monumentum
771 1199 870 1245 Tibi
891 1199 1060 1263 offerre,
1097 1199 1160 1246 &⁹
1180 1209 1280 1260 opus
1288 1200 1427 1261 suum
1448 1199 1535 1245 Ἰῖιο
1560 1206 1721 1247 nomine
1746 1219 1811 1248 co-

337 1279 563 1344 honestare.
627 1279 807 1336 Scilicet,
842 1275 1033 1340 Antgstes
1058 1276 1331 1322 venerandus
1356 1276 1458 1323 adeo
1484 1276 1540 1324 Ὶὲ
1564 1279 1812 1328 admiratus

337 1361 408 1425 est,
436 1359 536 1408 aa'eo
557 1359 834 1406 eruditionem
852 1355 1006 1415 Tuam,
1036 1355 1243 1403 Graecam
1262 1356 1509 1422 praestrtim
1518 1357 1730 1423 suspexit,
1758 1375 1809 1408 ut

337 1459 448 1500 eam,
486 1440 589 1487 dum
620 1443 734 1486 inter
759 1439 937 1486 homines
966 1450 1079 1496 erat,
1100 1438 1199 1502 suis
1221 1435 1376 1502 paffim
1401 1438 1681 1502 praedicando
1711 1444 1808 1487 ani-

340 1539 460 1568 mum
485 1520 651 1583 explere
676 1521 883 1583 nequiret.
899 1516 922 1539 ³⁴³

409 1600 566 1666 Qare
587 1600 773 1644 maxime
797 1593 1019 1643 dolendum
1044 1593 1114 1658 est,
1150 1608 1272 1642 tanto
1291 1596 1402 1642 Viro
1420 1607 1505 1660 per
1524 1612 1701 1644 mortem
1727 1618 1808 1646 non

341 1678 492 1744 licuffl
511 1677 656 1725 laudes
676 1675 790 1722 Tuas
801 1674 994 1740 feliciori
1011 1676 1173 1722 calamo
1185 1674 1361 1740 posteris
1378 1676 1630 1742 consecrare.
1681 1678 1816 1746 Qod

340 1759 406 1808 aa'
425 1777 490 1807 me
515 1761 684 1820 attinet,
710 1775 807 1804 cum
832 1757 917 1803 tali
937 1759 1109 1803 conatui
1131 1756 1248 1822 longe
1273 1760 1420 1821 impar
1427 1756 1549 1823 stam,
1577 1757 1701 1806 haud
1720 1777 1809 1806 me-

341 1841 476 1888 diocri
503 1839 659 1887 ducam
688 1838 847 1896 honori,
871 1838 920 1903 st
948 1835 1244 1902 munusculum
1275 1836 1360 1894 hoc,
1397 1854 1492 1883 mea
1525 1838 1810 1903 qualicunque

341 1939 477 1969 manu
502 1920 703 1978 oblatum,
730 1918 902 1982 benigne
928 1921 1115 1982 acczPere
1139 1935 1220 1963 non
1239 1915 1489 1981 dedigneris.
1545 1918 1673 1975 Vale,
1701 1920 1767 1964 V1
1780 1937 1806 1965 R

343 2003 506 2049 ILLUS
519 2017 638 2047 Tnls
653 2017 795 2058 slME,
825 1998 981 2064 diuque
999 2000 1114 2055 vive,
1141 1995 1406 2043 Literarum
1429 1995 1571 2043 lumen
1596 1994 1658 2045 εἰδῇ
1676 2014 1808 2044 orna-

341 2093 543 2128 mentum.

385 2180 404 2196 *
425 2179 495 2206 Haec
512 2185 602 2215 patent
617 2188 651 2206 ex
664 2179 749 2206 literis
764 2178 795 2206 cl.
806 2178 890 2206 Andr.
902 2177 1022 2205 Norrelii
1037 2175 1206 2204 Bibliothecae
1220 2174 1362 2213 Upsalensts
1376 2175 1507 2210 Praefi’Hi
1521 2175 1557 2201 ad
1569 2185 1607 2202 me
1622 2175 1689 2202 datis
1705 2174 1809 2211 Upsalae

343 2232 366 2259 d.
387 2239 444 2259 xxx
461 2228 543 2264 Junii
559 2237 797 2257 emoccxzwu.
818 2238 876 2266 quae
885 2229 925 2265 stc
934 2228 965 2265 se
979 2228 1086 2261 habent,
1108 2228 1180 2255 Viro
1195 2237 1251 2255 non
1266 2234 1370 2254 tantum
1386 2225 1458 2262 apud
1473 2225 1532 2251 Vos
1548 2225 1706 2251 eruditionis
1723 2225 1809 2258 gloria

343 2281 498 2318 conspicuo,
519 2288 615 2306 verum
631 2278 710 2305 etiam
727 2288 774 2314 per
789 2285 876 2307 totum
892 2278 987 2306 orbem
1003 2277 1169 2314 Europaeum
1183 2275 1396 2308 celebratiffimo,
1417 2272 1493 2309 John
1506 2273 1578 2300 Lord
1592 2273 1716 2301 caueret

344 2332 375 2360 B.
392 2329 617 2367 Archiepiscopus
633 2328 665 2356 E.
680 2327 832 2362 Bmzehus,
854 2329 901 2365 qui
916 2328 1050 2355 summum
1065 2327 1143 2355 illum
1156 2327 1256 2360 virum,
1278 2334 1362 2363 quum
1375 2323 1531 2352 Athenaem
1546 2323 1664 2352 nostrum
1679 2324 1723 2352 sua
1737 2334 1809 2363 prae-

343 2382 424 2411 sentia
443 2380 634 2413 cohonestaret,
657 2378 771 2416 hospitio
791 2384 941 2416 exceperat,
963 2378 1065 2412 multis,
1088 2385 1117 2406 ut
1136 2384 1231 2406 caetera
1248 2375 1352 2404 filentio
1371 2374 1520 2409 involvam,
1542 2374 1703 2410 denarravit,
1725 2386 1807 2414 quam

344 2433 426 2462 solide
441 2433 560 2467 linguam
576 2431 702 2458 Graecam
717 2430 848 2464 calluerit,
867 2439 927 2467 quae
941 2429 1072 2464 cognitio,
1093 2437 1123 2458 ut
1141 2428 1224 2467 probe
1239 2428 1297 2463 scis,
1320 2434 1374 2456 tam
1390 2436 1447 2455 rara
1462 2426 1498 2455 est
1511 2427 1540 2454 in
1554 2426 1665 2455 homine
1681 2426 1806 2463 Politice,

345 2483 489 2522 praesertim
506 2482 616 2516 Aulico,
633 2492 713 2519 quam
729 2491 788 2518 quae
804 2480 934 2508 rariffima.
971 2480 1023 2508 Sed
1037 2480 1094 2508 haec
1109 2480 1207 2514 obiter,
1222 2486 1252 2508 ut
1266 2479 1367 2508 indicio
1382 2478 1510 2507 duntaxat
1524 2477 1597 2514 effet,
1613 2485 1741 2516 quantum
1755 2487 1806 2507 no-

343 2545 406 2565 men
421 2537 445 2563 δε
460 2533 619 2562 memoriam
634 2531 848 2570 incomparabilis
864 2531 933 2559 istius
951 2530 1011 2559 Vixi
1025 2530 1228 2559 deveneremur.
