2052 3023
157 304 249 330 XXIV

768 287 1388 337 PRAEFATIO.

343 376 460 413 {aarum
478 375 596 424 regibus
613 373 718 421 dixiffi
731 375 853 422 ferunt,
884 377 993 410 mirari
1012 375 1047 420 se
1071 374 1294 422 impudentiam
1314 376 1476 420 nostrorum
1494 373 1642 415 militum,
1666 377 1721 424 qui
1738 389 1808 412 cum

346 438 471 484 facilius
490 450 585 486 quam
603 448 677 471 oves
690 435 811 481 soleant
819 435 973 483 jugulari,
999 434 1099 470 adhuc
1116 436 1279 470 victoriam
1297 436 1426 483 sperent,
1452 448 1548 483 neque
1567 447 1603 470 ex
1615 436 1676 481 sua
1691 439 1808 485 regione

344 497 450 533 velint
471 497 627 534 excedere.
670 496 760 530 Nam
783 493 842 541 ipse
862 493 999 542 quidem,
1026 494 1121 534 dixit,
1141 494 1205 540 sese
1226 495 1282 529 illis
1304 493 1454 530 caedendis
1471 494 1619 540 fictietate
1633 495 1715 544 saepe
1737 506 1809 544 cap-

346 569 412 593 tum
432 559 496 604 effe.

395 619 425 665 §.
439 630 470 662 7.
497 617 712 652 Indicavimus
732 627 798 662 cap.
813 626 863 650 tv.
880 614 907 655 §.
920 627 955 657 9.
977 614 1150 662 primordia
1167 613 1379 650 sacrafiffimae
1400 614 1564 663 religionis
1582 616 1668 663 apud
1683 616 1811 650 Gothos

343 676 440 712 stculi
455 689 521 713 111.
540 677 658 711 medio.
686 679 719 710 ὅ(
735 687 805 723 cap.
817 686 849 709 v.
868 675 893 716 §.
907 686 940 720 4.
963 673 1068 708 valida
1086 672 1140 707 sub
1153 672 1366 708 Constantino
1382 675 1512 721 Magno
1528 675 1737 716 incrementa,
1759 675 1813 708 ad-

344 750 383 772 eo
404 747 439 772 ut
455 737 584 771 Niceno
604 735 744 770 concilio
760 733 971 783 subscripserit
989 733 1200 781 Theophilus
1216 733 1392 783 episcopus.
1429 736 1504 768 Hoc
1524 733 1694 769 intervallo
1713 732 1814 767 trans-

343 798 463 833 latione
483 798 560 832 sacri
579 796 697 831 codicis
718 797 751 830 in
769 795 914 842 linguam
933 796 1112 830 Gothicam
1135 794 1362 829 immortaliter
1380 794 1420 829 de
1441 792 1500 828 suis
1521 794 1639 829 meruit
1657 793 1813 843 Ulphilas

346 859 463 895 noster.
507 858 682 907 Episcopus
706 856 768 893 fuit
786 856 974 892 Gothorum
995 857 1029 890 in
1047 854 1188 892 Moesia:
1218 858 1329 896 Erant,
1353 853 1461 890 scribit
1474 855 1652 903 Jornandes
1671 867 1740 904 cap.
1756 868 1775 902 5
1787 868 1814 890 t·

345 919 390 960 ό*
406 920 463 956 alii
479 919 573 955 Gothi
596 919 735 966 (dixerat
753 930 821 966 cap.
839 916 992 966 superiori
1010 918 1049 952 de
1068 916 1317 957 Ostm-Gothis,
1344 917 1400 965 qui
1416 915 1544 951 excusso
1559 916 1643 965 jugo
1659 917 1815 951 Hunnico

346 981 546 1016 Pannoniam
567 979 772 1019 Inferiorem,
798 980 820 1013 i.
832 992 861 1013 e.
883 978 1063 1026 Hungariae
1085 988 1221 1027 partem,
1247 989 1398 1026 accepere
1417 976 1679 1024 inhabitandam)
1698 980 1752 1025 qui
1768 976 1816 1011 di-

347 1050 459 1076 cuntur
470 1044 622 1082 Minores,
646 1040 769 1090 populus
785 1040 960 1085 immensus,
986 1053 1055 1075 cum
1065 1040 1122 1085 suo
1136 1040 1299 1086 Pontifice,
1325 1039 1444 1088 ipsoque
1456 1042 1595 1076 Primate
1609 1039 1739 1086 Uulfila,
1764 1039 1817 1085 qui

349 1105 389 1138 eis
407 1103 522 1139 dicitur
539 1103 583 1143 ὠ·
597 1102 718 1138 litteras
735 1100 902 1147 insthuiffi,
928 1100 1073 1150 hodieque
1085 1100 1162 1147 fimt
1179 1103 1211 1135 in
1227 1101 1352 1147 Moefia,
1377 1103 1528 1149 regionem
1545 1100 1706 1136 incolentes
1723 1101 1818 1134 Nico-

345 1164 531 1212 politanam‚
556 1163 602 1200 ad
616 1162 706 1213 pedes
723 1165 830 1198 Haemi
852 1165 974 1197 montis.
1014 1165 1100 1198 Gens
1118 1160 1220 1196 multa
1233 1161 1293 1206 sed
1312 1172 1425 1209 pauper
1445 1161 1489 1200 ἀ
1504 1161 1632 1196 imbeais
1651 1164 1713 1196 &c.
1763 1160 1816 1194 Sic

345 1227 433 1260 enim
449 1224 626 1274 legendum
643 1225 767 1273 pridem
785 1223 918 1270 conjeci,
946 1226 978 1256 &
995 1221 1183 1268 suspiciones
1201 1233 1286 1254 meas
1302 1221 1492 1255 austeritate
1510 1220 1659 1255 codicum
1678 1220 1816 1254 Palatini

345 1297 382 1318 ac
396 1285 599 1319 Ambrofiani
615 1283 801 1317 confirmari
817 1285 920 1316 laetor.
958 1279 1092 1316 Peffime
1109 1281 1211 1315 editio
1224 1279 1403 1315 Amstelod.
1419 1291 1492 1314 cum
1509 1280 1753 1327 Prolegomenis
1769 1279 1818 1312 H.

347 1344 480 1380 Grotii:
507 1345 575 1393 Q
590 1346 631 1378 eis
650 1343 765 1377 dicitur
784 1341 828 1379 ῤ’
845 1341 956 1376 litteris
976 1340 1144 1386 institutffl,
1171 1339 1317 1387 hodieque
1329 1341 1407 1384 sunt
1425 1342 1458 1374 in
1474 1343 1586 1386 Moesia
1604 1343 1721 1389 regione
1737 1343 1819 1375 inco-

348 1404 442 1440 lentes
459 1400 723 1450 Eucopolitanam.
767 1397 822 1436 Ad
839 1398 927 1448 pedes
947 1400 1028 1433 enim
1046 1401 1158 1433 montis
1172 1411 1251 1446 gem
1270 1398 1372 1433 multa
1386 1398 1470 1444 sedit
1488 1409 1603 1448 pauper
1623 1400 1666 1439 ά·
1681 1398 1819 1435 imbeais.

348 1466 400 1499 De
417 1461 560 1498 versione
580 1459 636 1494 illa
653 1459 793 1494 Gothica
813 1461 845 1493 &
861 1456 1097 1492 characteribus
1115 1458 1304 1507 Ulphilanis
1322 1460 1464 1494 dicemus
1485 1458 1581 1500 infra,
1607 1471 1695 1495 nunc
1714 1457 1818 1494 solum

349 1523 593 1560 meminerimus
611 1519 743 1555 illorum
760 1517 896 1553 Socratis
921 1518 1014 1564 (vide
1031 1517 1123 1567 supra
1141 1531 1211 1567 cap.
1225 1532 1256 1566 5.
1274 1522 1299 1561 §.
1311 1520 1367 1567 4.)
1392 1520 1484 1554 initio
1500 1521 1721 1555 orthodoxum
1743 1517 1819 1554 fuis-

350 1585 393 1627 se,
420 1585 496 1619 hinc
515 1581 698 1632 epidemico
716 1580 803 1615 malo
819 1578 992 1614 Arianismi
1011 1577 1176 1615 laborasse.
1211 1584 1400 1617 Sozomenus
1416 1579 1536 1615 lib.v1.
1552 1593 1621 1629 cap.
1636 1588 1690 1628 36.
1710 1580 1819 1619 refert,

351 1645 392 1682 ab
411 1645 558 1680 Eudoxio
577 1646 610 1678 ὃ(
627 1642 742 1678 Acacio
761 1642 1016 1676 circumventum
1033 1653 1110 1675 cum
1131 1641 1263 1676 nomine
1281 1643 1468 1676 Gothorum
1488 1642 1575 1689 apud
1593 1641 1817 1676 Constantium

349 1708 582 1753 Imperatorem
599 1700 716 1749 Legati
735 1711 868 1734 munere
887 1698 1077 1746 fungeretur
1097 1711 1157 1748 pro
1173 1698 1371 1747 impetranda
1389 1700 1529 1734 amicitia
1548 1703 1580 1735 &
1597 1698 1701 1735 libero
1721 1701 1821 1734 trans-

350 1766 400 1801 itu
415 1766 448 1800 in
466 1762 656 1802 Thraciam,
683 1772 817 1809 eamque
836 1758 1009 1795 obtinuiffe
1029 1769 1142 1795 mutua
1161 1759 1364 1808 stipulatione
1383 1759 1422 1794 de
1440 1759 1668 1808 ample-{tendis
1685 1760 1820 1808 dogma-

353 1825 440 1862 tibus
458 1835 532 1873 quae
549 1821 737 1857 Constantio
761 1819 929 1868 placebant
946 1820 1082 1862 Arianis,
1108 1818 1159 1854 sed
1185 1818 1294 1855 seriem
1313 1832 1473 1855 annorum
1496 1832 1560 1854 non
1581 1820 1692 1855 exa61e
1710 1819 1819 1854 obser-

354 1898 410 1923 vat
428 1887 643 1926 sozomenus,
662 1883 702 1917 ad
719 1881 878 1931 postrema
894 1882 979 1915 enim
997 1891 1144 1929 tempora
1156 1880 1299 1916 Valentis
1317 1882 1384 1917 haec
1402 1881 1576 1931 pertinent,
1600 1882 1820 1930 majoremque

353 1947 426 1982 heic
442 1946 538 1980 fidem
560 1944 668 1978 tribuo
687 1940 871 1981 Ammiano,
898 1939 1051 1976 historico
1067 1953 1189 1982 coaev0,
1215 1942 1334 1977 dicenti
1354 1942 1408 1977 lib.
1421 1955 1531 1977 xxx1.
1552 1954 1621 1990 cap.
1636 1954 1693 1978 12.
1733 1944 1822 1976 Dum

353 2005 515 2052 necceffaria
532 2002 722 2051 parabantur
742 2002 842 2048 (anno
860 2000 940 2036 Chr.
958 2002 1025 2036 nati
1038 2002 1127 2048 378)
1148 2001 1192 2037 ad
1209 2001 1441 2042 decernendum,
1468 2001 1634 2048 Christiani
1650 2004 1728 2036 ritus
1741 2002 1823 2049 pre]-

354 2067 450 2114 ᾖμεν,
475 2074 511 2099 ut
529 2063 586 2112 ipfi
606 2063 771 2110 appeHant,
796 2061 898 2106 maffia
918 2062 941 2096 d
960 2063 1131 2108 Fritigerno
1156 2062 1273 2109 legatus
1298 2075 1368 2096 cum
1391 2061 1460 2096 aliis
1481 2060 1644 2095 humilibus
1665 2062 1756 2094 venit
1780 2059 1824 2095 ad

353 2127 496 2176 principis
517 2123 627 2169 castra,
656 2121 865 2170 ffisceptusque
889 2121 1008 2162 leniter,
1035 2122 1224 2171 ejusdemque
1249 2122 1375 2159 duHoris
1395 2121 1505 2157 obtulit
1523 2123 1654 2168 scripta,
1689 2123 1820 2168 petentia

354 2185 511 2236 propalam
530 2193 566 2219 ut
579 2183 638 2232 fibi
651 2183 787 2231 suisque,
813 2195 885 2230 quos
905 2192 1035 2219 extorres
1055 2187 1166 2232 patriis
1185 2184 1297 2219 laribus
1317 2183 1416 2232 rapidi
1431 2183 1575 2230 ferarum
1590 2184 1732 2230 gentium
1752 2193 1824 2216 exe-

350 2260 424 2297 gere
444 2245 601 2291 discurfics,
627 2243 800 2279 habitanda
819 2242 953 2278 Thracia
969 2244 1036 2288 fila
1057 2259 1127 2280 cum
1148 2257 1250 2293 pecore
1269 2249 1350 2279 omni
1373 2243 1580 2279 concederetur
1602 2242 1644 2282 ό-
1660 2242 1822 2290 frugibus:

354 2309 407 2343 hoc
427 2308 601 2353 impetrato,
624 2302 794 2349 spondentis
817 2314 997 2352 perpetuam
1019 2315 1138 2352 pacem,
1165 2304 1240 2339 vide
1259 2314 1374 2338 cetera.
1418 2302 1490 2337 Nec
1512 2313 1543 2336 te
1567 2313 1707 2341 moveat,
1734 2303 1820 2350 quod

357 2366 446 2405 nulla
466 2365 536 2400 heic
557 2366 678 2398 mentio
700 2363 887 2398 diversitatis
908 2363 1077 2405 seetarum,
1108 2376 1158 2399 eas
1177 2364 1264 2398 enim
1289 2374 1402 2410 parum
1422 2362 1545 2396 curavit
1564 2361 1695 2407 scriptor
1715 2361 1822 2395 ethni·

358 2439 426 2466 cus,
454 2435 511 2458 nec
530 2432 641 2457 utrum
663 2421 830 2470 presbyter
850 2435 889 2456 an
910 2422 1075 2471 episcopus
1097 2421 1194 2458 fuerit
1216 2422 1352 2468 legatus,
1379 2418 1555 2455 sufficiebat
1577 2420 1606 2453 ei
1630 2419 1821 2455 sacerdotem

357 2485 460 2521 fuiffe.
500 2482 634 2518 Interim
650 2480 845 2517 credendum
863 2482 999 2522 Socrati,
1027 2482 1202 2531 Ulphilam
1219 2480 1389 2528 aliquando
1407 2480 1532 2515 Arianis
1549 2478 1670 2513 faviffe.

407 2546 437 2594 §.
453 2547 483 2582 8.
510 2546 584 2594 Ejus
604 2544 701 2578 etiam
724 2543 915 2578 auctoritate
935 2542 1053 2577 multos
1074 2543 1192 2578 civium
1215 2550 1390 2590 permotOS,
1419 2542 1552 2576 Arianos
1571 2538 1662 2574 fuiffe
1683 2551 1747 2574 non
1769 2551 1823 2572 ne-

360 2605 515 2654 gaverim,
540 2603 729 2641 catholicam
747 2613 855 2638 tamen
873 2601 1054 2638 do&rinam
1072 2602 1124 2638 alii
1138 2601 1317 2637 constanter
1335 2601 1581 2650 profitebantur,
1606 2612 1665 2636 ceu
1682 2600 1733 2635 vel
1750 2599 1823 2634 inde

1724 2672 1826 2695 mani-
