2052 3023
158 295 225 319 nv

752 282 1376 333 PRAEFATIO.

381 372 481 408 Verbi
497 373 608 419 gratia.
649 372 714 409 ΚΝ
725 382 779 407 ur
797 384 836 407 ex
852 374 907 408 Ka
923 374 956 407 &
973 372 1067 414 Nu83
1092 371 1173 407 hanc
1189 370 1276 406 enim
1293 369 1384 406 fuiffe
1400 381 1517 405 vocem
1535 369 1710 420 iimplicem
1727 372 1795 406 evi·

330 431 408 466 dens
428 444 467 466 ex
483 432 564 471 Not,
588 432 669 472 Ner,
692 432 787 471 Rete,
813 432 954 479 itemque
976 429 1169 465 Latinorum
1191 429 1312 465 Nodus.
1357 427 1514 477 Scripfiffe
1535 439 1641 465 autem
1661 431 1795 481 Septen·

331 490 480 525 trionales
496 494 607 526 Kanut
621 494 654 525 &
672 489 837 525 contradic
852 492 942 525 Knut
957 487 1060 537 ipsum
1078 499 1196 522 nomen
1214 487 1382 536 proprium
1400 490 1526 525 Kamai
1543 488 1687 525 testatur.

378 553 410 586 G
421 564 441 585 a
452 563 467 586 s
486 563 525 585 ex
542 554 594 586 Ga
607 554 639 585 &
653 554 735 590 Ans,
761 549 830 585 haec
845 549 932 583 enim
950 548 1048 583 altera
1064 559 1136 596 pars
1153 548 1334 596 compofiti‚
1358 548 1482 584 constat
1497 562 1537 585 ex
1553 550 1672 585 Latino
1684 550 1795 596 Ansir.

379 611 413 642 K
427 623 447 643 r.
460 621 475 644 1
486 623 509 644 N
519 621 540 643 κ
553 621 572 643 A
591 621 631 644 ex
648 612 703 645 Ka
719 611 749 644 &
767 607 869 651 Loka,
893 607 981 656 quod
1002 607 1162 657 hodieque
1181 607 1308 644 dialeffl
1323 608 1428 645 Daliae
1441 608 1706 652 Wermlandicae,
1731 612 1797 646 La-

328 669 401 704 tinis
418 669 564 715 Peffulm.

375 731 409 765 K
421 743 441 765 R
452 743 467 766 1
480 742 502 766 n
516 742 539 766 G
551 744 572 766 r.
585 743 616 770 A,
643 728 755 771 Orbis,
780 742 820 765 ex
837 732 892 765 Ka
906 733 939 765 &
955 732 1052 778 Ring,
1078 730 1167 778 quod
1188 729 1207 765 a
1223 729 1422 766 rotunditate
1443 731 1476 765 &
1493 727 1620 765 ambitu
1635 728 1796 776 hodieque

329 791 416 839 quod
435 791 558 825 Latinis
572 789 730 827 Annulus.
764 790 955 840 Kring-lbpa
969 791 1057 826 idern
1072 792 1160 840 quod
1178 790 1269 840 pra
1287 794 1298 827 ι’
1316 792 1397 840 ring,
1422 789 1709 834 circumcurfitare,
1734 800 1797 838 gy-

329 863 410 887 rare.

378 912 410 946 K
424 921 532 947 avr-A
555 923 594 947 ex
612 914 666 948 Ka
685 915 717 948 ὃ(
735 911 862 961 Rofva,
888 912 973 948 unde
993 912 1205 963 Hummelref.
1242 912 1386 962 Simplex
1406 913 1438 947 in
1458 913 1649 948 Latinorum
1667 914 1796 959 Repert-

330 970 417 1005 unde
435 970 605 1005 Gallorum
619 973 765 1020 grimper.

379 1031 411 1065 G
423 1044 442 1065 ι
455 1041 479 1065 u
491 1043 508 1066 P
518 1043 533 1066 s
547 1043 583 1073 it,
606 1031 731 1072 vorax,
755 1043 797 1067 ex
817 1033 865 1066 Ge
882 1033 914 1066 &
929 1030 1002 1080 Ulf,
1023 1033 1149 1081 Lupus,
1174 1032 1230 1082 qui
1246 1033 1341 1068 etiam
1359 1031 1378 1067 'a
1392 1032 1564 1068 voracitate
1578 1032 1611 1066 8(
1626 1030 1700 1079 quia
1716 1027 1796 1064 infe-

330 1089 495 1125 stiffimum
516 1091 635 1125 animal
654 1090 846 1132 domesticis,
872 1095 904 1127 &
925 1102 962 1127 ut
983 1092 1036 1127 ille
1058 1094 1102 1128 ait
1124 1094 1207 1140 triste
1222 1092 1352 1141 stabula·
1372 1092 1624 1142 appellationem
1649 1090 1791 1131 sortitus,

331 1150 411 1187 ficut
428 1152 523 1187 etiam
542 1155 647 1200 Lupus
663 1156 814 1194 marinus,
840 1153 971 1203 piscium
989 1155 1031 1188 sui
1049 1155 1172 1202 generis
1188 1153 1439 1203 rapacissimum.

381 1212 503 1253 Gnoka,
523 1212 615 1261 Nog.
640 1213 755 1250 Gnoka
766 1212 893 1261 gisting,
914 1223 1001 1246 nunc
1015 1214 1089 1259 Nog
1104 1214 1256 1260 gesining.
1281 1227 1313 1248 v.
1329 1213 1448 1247 Cantil.
1465 1212 1609 1260 Ragnari
1626 1210 1797 1246 Lodbrok.

330 1274 468 1321 Strophe
482 1275 539 1309 111.

379 1333 506 1368 GuNs
519 1345 541 1367 T
562 1344 602 1368 ex
624 1336 675 1370 Ge
694 1336 727 1367 &
745 1333 862 1376 Ynnest,
888 1331 966 1366 olim
988 1333 1095 1379 Ansts,
1121 1333 1247 1367 Gratia.
1288 1331 1431 1380 Ulphilas
1453 1333 1552 1367 Lucae
1569 1341 1603 1372 2,
1614 1340 1677 1377 40.
1702 1329 1797 1377 Ansls

330 1392 430 1428 Gutbs
444 1403 515 1426 was
531 1403 592 1426 ana
606 1394 718 1431 imma,
743 1391 855 1426 Gratia
872 1392 934 1425 Dei
950 1401 1019 1426 erat
1036 1391 1127 1439 super
1143 1404 1230 1427 eum.

379 1453 410 1486 G
424 1463 444 1486 R
455 1464 506 1486 AN
517 1462 531 1486 s
543 1462 565 1484 x
578 1463 598 1484 A
617 1462 655 1485 ex
672 1453 722 1487 Ge
737 1452 769 1485 &
785 1449 947 1495 Ransaka,
969 1462 1115 1488 accurate
1132 1451 1261 1487 scrutari
1280 1453 1312 1486 &
1330 1451 1361 1487 in
1379 1463 1448 1487 rem
1463 1451 1602 1500 aliquam
1621 1450 1794 1500 inquirere.

377 1514 460 1547 Haec
480 1510 657 1559 speciminis
677 1509 762 1551 loco,
789 1513 820 1545 &
841 1522 880 1545 ne
901 1511 1064 1546 nimietate
1083 1509 1344 1546 observationum
1363 1512 1660 1547 Grammaticarum
1684 1510 1798 1546 taedio·

330 1573 378 1609 sus
396 1572 466 1616 fim,
491 1571 571 1608 nihil
589 1571 718 1611 addam,
746 1584 805 1607 nec
821 1571 911 1621 quod
927 1573 966 1608 ad
980 1572 1132 1621 Qntum
1148 1582 1375 1620 argumentum
1393 1573 1432 1607 de
1448 1572 1602 1621 particula
1615 1575 1655 1608 Bi
1669 1573 1705 1607 in
1720 1570 1795 1606 cod.

329 1639 408 1683 Arg.
425 1632 531 1669 verbis
548 1632 728 1682 praepofita,
752 1633 844 1668 simul
861 1645 896 1668 ac
913 1634 1082 1670 Germanis
1097 1632 1259 1675 familiari,
1278 1645 1349 1682 quae
1366 1632 1431 1682 ipsa
1447 1632 1633 1669 nostratium
1649 1631 1738 1677 Wid,
1757 1630 1795 1667 fi-

332 1708 369 1733 ve
386 1706 422 1731 ut
439 1695 560 1744 antiqui
578 1694 718 1738 Wither3
744 1705 817 1731 nam
835 1695 904 1730 haec
919 1694 1091 1732 notissima.

932 1784 962 1819 C
988 1788 1015 1820 A
1043 1786 1079 1820 P.
1130 1785 1192 1820 IV.

330 1867 361 1916 §.
378 1880 409 1904 1.
423 1865 584 1954 GOT
596 1878 617 1900 u
631 1876 654 1899 o
667 1876 682 1900 s
707 1865 915 1900 Scandinavia
931 1863 1066 1914 egreffos
1082 1864 1156 1907 effe,
1182 1868 1214 1901 ὃ(
1230 1877 1292 1913 qua
1307 1874 1413 1908 aetate,
1437 1864 1507 1901 loca
1521 1865 1598 1900 item
1615 1875 1688 1913 quae
1705 1877 1795 1914 pera·

533 1924 669 1972 grabant
685 1926 792 1974 quoad
811 1937 886 1960 curn
905 1925 1062 1960 Romanis
1085 1925 1168 1961 bella
1189 1936 1301 1974 gerere
1320 1935 1502 1973 coeperunt,
1527 1923 1648 1973 poffern
1663 1927 1795 1961 evince-

329 1992 376 2021 re,
403 1984 493 2018 nullo
516 1985 635 2020 adscito
659 1987 789 2030 colore3
814 1986 866 2021 sed
893 1986 933 2022 ad
958 1986 1045 2022 aliud
1071 1987 1140 2022 haec
1165 1985 1324 2022 reservans
1348 1996 1487 2036 tempus,
1511 1986 1545 2021 id
1568 1986 1648 2021 mihi
1671 1985 1795 2033 negotii

330 2055 416 2077 nunc
439 2045 550 2081 datum
575 2046 697 2095 putabo
722 2057 759 2082 ut
781 2045 948 2082 ostendam
973 2060 1034 2097 qua
1060 2057 1155 2085 aetate
1177 2052 1208 2084 &
1231 2048 1332 2083 modo
1353 2047 1539 2083 Christianis
1565 2046 1654 2081 sacris
1675 2046 1794 2087 Gothi,

328 2117 468 2153 quorum
493 2107 598 2143 ufibus
623 2107 787 2143 transsatio
812 2109 880 2143 haec
904 2107 1064 2144 sacrorum
1086 2108 1328 2157 evangeliorum
1354 2108 1458 2144 dicata
1481 2106 1554 2147 fuit,
1581 2105 1641 2141 fint
1666 2105 1792 2141 initiati.

329 2165 420 2210 Qia
439 2179 516 2201 vero
535 2166 597 2202 sine
618 2179 701 2202 nexu
720 2166 858 2202 historiae
874 2166 977 2202 civilis
997 2180 1109 2203 manca
1124 2170 1230 2205 omnis
1248 2167 1387 2204 historiae
1404 2165 1615 2203 ecclefiasticae
1632 2165 1794 2206 tradiatio,

329 2224 445 2259 addam
462 2239 533 2274 quae
550 2226 589 2261 de
602 2226 695 2260 variis
714 2227 796 2261 inter
807 2227 975 2261 Romanos
989 2228 1179 2276 Gothosque
1194 2228 1317 2275 proeliis
1330 2240 1366 2262 ac
1382 2225 1557 2261 foederibus
1575 2225 1673 2274 usque
1686 2224 1726 2261 ad
1741 2236 1795 2260 oc-

329 2293 475 2330 cupatam
494 2283 534 2317 ab
550 2284 678 2318 Alarico
694 2285 838 2320 Romam
857 2294 1004 2319 veterum
1019 2284 1207 2320 testimoniis
1224 2283 1384 2321 constant.

379 2342 410 2390 §.
424 2355 458 2378 2.
484 2342 666 2377 Gothicum
685 2355 802 2379 nomen
824 2345 856 2378 in
877 2343 1048 2386 historicis,
1074 2346 1129 2394 qui
1147 2344 1310 2394 supersunt
1326 2343 1449 2379 Latinis
1468 2342 1550 2378 haud
1568 2341 1710 2377 invenies
1726 2352 1795 2376 me-

327 2413 490 2438 moratum
513 2411 586 2437 ante
610 2412 738 2439 aetatem
764 2403 918 2438 Antonini
943 2403 1132 2449 Caracallae,
1156 2405 1252 2453 idque
1276 2404 1417 2453 primum
1443 2402 1608 2438 occafione
1631 2401 1794 2449 diasyrtici

328 2463 419 2503 dieii,
446 2462 532 2511 quod
551 2475 625 2498 curn
641 2464 872 2498 Romanorum
890 2475 992 2504 more,
1017 2477 1056 2500 ex
1074 2464 1206 2501 devictis
1227 2463 1377 2512 gentibus
1395 2475 1463 2497 non
1483 2462 1582 2498 modo
1599 2465 1793 2504 Germanici,

326 2522 379 2559 sed
395 2527 426 2559 ὃ(
443 2523 592 2563 Parthici,
620 2523 752 2559 Arabici
770 2534 806 2558 ac
823 2521 1018 2559 Alemanm'cs·
1037 2525 1231 2572 cognomina
1250 2524 1306 2560 fibi
1324 2523 1511 2565 adsciverat,
1537 2524 1569 2559 in
1588 2535 1664 2559 eum
1683 2523 1792 2570 conje-

327 2584 372 2620 cit
395 2584 529 2621 Helvius
553 2585 725 2621 Pertinax:
751 2582 838 2633 posse
860 2583 953 2621 illum
978 2584 1075 2623 etiam
1097 2588 1242 2624 Geticum
1263 2587 1450 2625 Maximum
1469 2585 1504 2634 se
1523 2584 1683 2635 appeVare,
1709 2582 1793 2634 quod

1668 2649 1788 2684 Geram
