2052 3023
171 293 236 316 κη
768 277 1390 328 PRAEFATIO.

348 367 461 405 addens
480 365 590 401 Gothos
612 364 654 404 (ἐν
671 366 818 399 Peucinos
836 385 864 393 --
875 364 1069 412 Argaithum
1087 364 1130 403 ὠ·
1146 364 1380 405 Gunthericum‚
1407 364 1592 411 nohiliffimos
1607 365 1674 410 fi‘ae
1691 369 1807 414 gentis,

346 428 485 475 praefecit
501 425 642 461 ductores.
680 424 746 472 Q
759 436 828 458 mox
841 424 1022 460 Danubium
1040 422 1171 463 vadati,
1194 423 1236 462 ὠ·
1246 423 1377 469 secundo
1388 427 1532 470 Maefiam
1546 425 1692 473 populati,
1716 429 1811 462 Mar-

349 488 525 536 cianopolim
544 484 674 533 ejusdem
691 485 805 531 patriae
821 482 925 517 urbem
936 481 1108 529 famosam,
1133 483 1322 531 metropolim
1338 483 1568 531 aggrediuntur,
1594 484 1706 533 diuque
1721 485 1812 531 obses-

338 551 422 593 sam,
446 556 573 593 accepta
590 546 717 591 pecunia
737 542 776 577 ab
797 542 843 576 hu
858 545 913 589 qui
933 544 1066 581 inerant,
1092 541 1250 589 reliquere.
1292 544 1465 589 Argaithus
1483 545 1545 586 hic,
1572 545 1636 594 ipse
1652 545 1697 579 est
1713 545 1813 592 Capi-

345 609 438 643 tolini
457 609 488 641 in
504 605 676 641 Gordianis
694 615 762 650 cap.
778 615 835 651 31.
863 605 1015 650 Arguntis
1031 601 1215 649 Scytharum
1232 615 1306 646 rex3
1329 603 1482 651 excerpfit
1497 605 1583 638 enim
1601 605 1687 639 hunc
1703 605 1810 639 locum

344 684 384 706 ex
401 669 539 718 quodam
559 664 712 701 historico
729 665 858 707 Graeco,
884 663 1008 699 Graecis
1026 675 1104 697 vero
1126 663 1222 709 hujus
1242 665 1354 703 aetatis,
1382 664 1496 711 eosque
1517 663 1596 713 saepe
1615 665 1813 699 imitantibus

348 729 471 764 Latinis
488 727 641 764 solemne,
660 723 787 758 Gothos
799 722 984 771 Scytharum
1001 723 1133 756 nomine
1149 722 1320 770 appellare.
1358 722 1471 756 Incidit
1489 723 1556 758 haec
1571 722 1734 770 impreffio
1745 724 1815 758 Go-

345 791 477 825 thorum
495 788 526 821 in
543 785 646 833 ipsum
664 781 877 818 millenarium
893 781 994 816 Urbis
1010 782 1141 823 Romae,
1164 781 1185 815 i.
1198 795 1226 815 e.
1243 794 1364 816 annum
1385 782 1454 827 248
1472 793 1545 816 aerae
1562 782 1764 817 Christianae.

396 849 427 897 §.
443 855 475 884 6.
503 844 674 882 Bellicosus
690 844 877 879 Gothorum
896 842 1020 877 animus
1042 854 1107 875 non
1128 839 1308 888 patiebatur
1325 854 1380 876 eos
1396 843 1450 877 diu
1468 842 1592 890 quietos
1609 840 1681 881 esse,
1707 843 1816 890 itaque

347 907 499 943 Moefiam
519 905 755 952 Thraciamque
777 904 892 937 iterum
914 900 1054 948 ingreffi,
1081 900 1150 949 post
1171 902 1324 948 ancipites
1345 901 1520 938 conflioffls
1538 902 1656 936 Decius
1678 902 1816 950 impera-

347 979 399 1004 tor
412 981 497 1003 anno
511 978 578 1013 251
592 974 726 1000 exeunte
742 966 869 998 veniens
883 962 1041 997 Abrutum
1058 962 1175 1005 Maesiae
1192 964 1360 997 civitatem
1381 962 1501 1009 (nescio
1518 975 1628 1012 quam.
1655 961 1737 996 Cod.
1752 963 1817 996 Ot-

347 1031 460 1066 tobon.
479 1041 544 1063 non
560 1027 704 1073 alioquin
721 1026 863 1073 optimus
880 1026 1000 1065 Abrito,
1026 1028 1058 1059 ὃ(
1073 1023 1114 1058 fic
1130 1024 1231 1058 codex
1248 1023 1458 1058 Freherianus
1475 1023 1646 1070 Jornandis
1667 1025 1706 1058 dc
1722 1023 1816 1057 Succ.

346 1093 432 1138 Imp.
449 1099 601 1124 monente
618 1087 770 1132 Scaligero
786 1084 1115 1121 animadverfionibus
1132 1085 1171 1119 ad
1190 1082 1318 1118 Eusebii
1336 1084 1460 1118 Chron.
1479 1096 1511 1130 p.
1524 1090 1610 1132 236,
1631 1082 1814 1129 Caffiodorus

348 1151 526 1190 Chronico,
549 1148 670 1186 Abricio
689 1146 843 1192 Thraciae)
865 1145 1080 1193 circumseptus
1101 1145 1122 1179 d
1145 1143 1254 1179 Gothis
1274 1143 1317 1182 ὠ
1333 1144 1392 1190 ipse
1411 1146 1612 1191 extinguitur,
1637 1146 1758 1191 imperii
1772 1143 1816 1190 fi-

347 1225 418 1247 nem
433 1215 575 1259 vitaeque
593 1210 757 1243 terminum
773 1207 903 1255 faciens.
938 1207 1115 1253 Jornandes
1132 1204 1252 1238 Geticis
1270 1216 1341 1250 cap.
1356 1207 1414 1239 18.

397 1271 427 1318 ᾗ,
442 1283 474 1315 7,
499 1269 604 1313 Qod
623 1268 715 1300 rebus
735 1266 794 1300 suis
811 1263 1147 1299 convenientissimum
1168 1263 1295 1309 putavit
1312 1263 1426 1297 Gallus
1443 1265 1637 1311 Imperator,
1661 1276 1738 1298 mox
1755 1264 1818 1298 foe-

349 1332 408 1366 dus
426 1341 499 1364 cum
517 1336 613 1374 gente
631 1326 822 1360 Gothorum
841 1323 975 1370 pepigit,
995 1320 1172 1368 Jornandes
1189 1332 1256 1368 cap.
1273 1334 1327 1362 ¹9·
1366 1322 1477 1365 Qam
1497 1322 1551 1356 diu
1567 1321 1733 1357 duraverit
1751 1335 1817 1357 non

349 1391 442 1430 facile
459 1388 561 1428 dietu,
586 1385 619 1419 id
636 1393 772 1426 certum,
800 1383 854 1417 sub
871 1382 1022 1416 Gallieno
1041 1381 1172 1425 homine,
1199 1381 1243 1416 ait
1259 1381 1420 1417 Trebellius
1443 1393 1515 1428 cap.
1528 1393 1560 1427 5.
1584 1381 1818 1429 luxuriofiffimo,

350 1450 394 1489 ὠ·
403 1451 431 1493 fi
445 1448 513 1494 effet
521 1447 658 1491 securus,
682 1443 728 1478 ad
743 1456 828 1478 omne
845 1441 972 1477 dedecus
990 1443 1185 1490 paratiffimo,
1213 1442 1332 1477 vicinas
1349 1442 1427 1479 Afiae
1444 1447 1589 1490 regiones
1611 1455 1664 1476 eos
1681 1442 1818 1478 vastaffe.

351 1511 419 1544 Hoc
443 1510 475 1542 in
498 1507 579 1541 omni
602 1503 738 1548 lascivia
760 1501 894 1546 resoluto,
921 1501 1023 1549 Respa
1041 1500 1083 1540 ὠ·
1102 1501 1222 1543 Veluw,
1250 1501 1348 1537 Thura
1369 1503 1518 1549 (nomeu
1543 1502 1704 1549 hodieque
1727 1501 1818 1536 nobis

349 1566 570 1602 Suco-Gothis
585 1561 844 1606 ufitatiffimum)
866 1564 1002 1608 Varoque
1017 1560 1105 1596 duces
1122 1563 1301 1601 Gothorum,
1330 1562 1504 1611 (auspiciis,
1528 1574 1587 1597 ceu
1605 1563 1752 1601 arbitror,
1776 1562 1819 1594 A-

350 1626 456 1665 thalis‚
482 1623 715 1660 ostro-Gothae
734 1634 772 1656 ex
793 1619 862 1654 filio
878 1619 983 1654 Hunil
1004 1622 1151 1669 nepotis)
1167 1622 1280 1667 sumtis
1295 1623 1432 1657 navibus
1449 1623 1559 1667 Afiam
1578 1623 1731 1667 transiere,
1751 1621 1820 1669 fre—

351 1698 418 1723 tum
435 1686 689 1733 Hellesponticum
706 1682 886 1729 transvehli‚
912 1681 963 1716 ubi
979 1681 1084 1716 multis
1100 1686 1165 1726 ejus
1180 1685 1351 1731 provinciae
1368 1684 1554 1718 civitatibm
1569 1684 1732 1731 populatis,
1759 1685 1818 1731 opi-

352 1749 537 1794 natiffimum
551 1746 627 1781 illud
642 1745 775 1793 Ephestae
789 1746 902 1779 Dianae
920 1742 1068 1789 templum
1084 1763 1111 1770 -—
1129 1746 1200 1792 igne
1215 1744 1415 1790 fitccendunt,
1442 1745 1580 1793 partibus
1598 1745 1751 1792 Bithynice
1767 1745 1820 1780 de-

353 1810 413 1845 lati
432 1807 654 1846 chalcedonem
669 1804 865 1852 fiibverte're‚
890 1802 1069 1850 Jornandes
1088 1815 1155 1851 cap.
1173 1817 1230 1839 2ο.
1272 1804 1391 1839 Curate
1410 1803 1513 1838 Asiam
1533 1805 1672 1852 appellat
1690 1807 1820 1851 provin-

354 1873 447 1909 ciam,
475 1866 620 1903 videlicet
639 1865 767 1914 proprie
784 1864 904 1899 dietam
924 1862 1041 1898 Aliam.
1086 1862 1166 1897 Non
1183 1863 1252 1898 satis
1269 1862 1393 1898 constat
1410 1874 1519 1897 utrum
1538 1863 1629 1898 fimul
1650 1868 1682 1898 in
1699 1868 1820 1912 Cappa·

352 1932 484 1971 dociam,
513 1931 587 1966 hinc
608 1929 645 1963 ad
667 1929 808 1962 Pontum
828 1926 992 1961 Euxinum
1013 1924 1149 1960 navibus
1163 1925 1258 1971 facilis
1276 1924 1465 1961 Heracleam
1485 1926 1648 1974 Bithynice
1668 1937 1820 1974 pervene-

352 1994 428 2032 rint,
454 1992 527 2026 vide
543 1990 721 2026 Trebellium
738 1989 771 2022 in
788 1985 942 2021 Gallienis
963 1996 1033 2034 cap.
1051 1997 1090 2019 11
1111 1988 1142 2019 ὅ(
1160 1998 1215 2020 12.
1241 1986 1295 2033 qui
1318 1985 1339 2020 fi
1362 1986 1507 2021 ordinem
1530 1999 1636 2020 rerum
1657 1986 1817 2032 gestarum

353 2052 546 2091 observavit,
572 2047 737 2085 referenda
761 2048 828 2082 haec
846 2046 1009 2094 expeditio
1026 2046 1065 2080 ad
1082 2058 1202 2080 annum
1222 2047 1304 2080 Chr.
1323 2046 1367 2080 N.
1384 2047 1469 2092 264,
1498 2046 1644 2081 Gallieno
1664 2049 1694 2080 ὅ(
1712 2048 1819 2080 Satur—

355 2113 432 2147 nino
447 2113 571 2147 COSS.
591 2112 664 2146 vide
682 2110 800 2144 ibidem
817 2121 887 2155 cap.
901 2120 956 2142 10.
977 2116 1056 2140 tunc
1073 2108 1157 2141 enim
1173 2107 1334 2142 Odenatus
1353 2106 1423 2141 bello
1435 2108 1550 2152 Persico
1565 2116 1725 2153 occupatus
1737 2108 1817 2155 fuit,

356 2173 461 2208 rursus
481 2172 601 2207 ibidem
621 2185 690 2219 cap.
706 2184 748 2206 12
766 2169 840 2205 fine.
868 2169 934 2214 Post
951 2169 1032 2212 Astae
1050 2168 1112 2202 tale
1131 2168 1284 2202 excidium
1303 2167 1435 2202 Thracia
1455 2180 1553 2201 eorum
1572 2177 1695 2214 experta
1714 2169 1753 2211 est
1765 2169 1819 2214 fe-

356 2236 492 2272 ritatem,
518 2246 592 2268 nam
609 2231 652 2266 ibi
673 2231 715 2266 ad
735 2230 852 2265 radices
875 2232 983 2264 Haemi
1001 2232 1112 2263 montis
1132 2232 1212 2263 mari
1231 2233 1375 2265 vicinam
1393 2227 1556 2265 Anchialos
1576 2230 1744 2262 civitatem
1763 2240 1820 2276 ag·

353 2292 443 2340 greffi
512 2291 619 2324 exinde
638 2290 681 2324 ad
696 2294 828 2338 proprias
843 2291 930 2336 sedes
950 2292 1067 2340 regreffi
1078 2292 1165 2336 fient,
1191 2302 1249 2323 ceu
1270 2289 1314 2322 ait
1331 2288 1508 2336 Jornandes
1529 2298 1710 2322 memorato
1732 2289 1818 2328 loco,

358 2351 469 2387 confer
486 2351 665 2385 Trebellium
682 2363 751 2398 cap.
769 2363 822 2396 13,
850 2352 941 2386 nobis
958 2354 1045 2387 enim
1064 2364 1127 2385 non
1145 2351 1219 2385 licet
1236 2348 1295 2383 effe
1312 2347 1524 2396 longioribus,

410 2411 439 2460 §.
454 2414 485 2447 8.
512 2410 609 2444 Felici
631 2409 740 2456 sydere
756 2411 981 2445 Romanorum
1001 2415 1178 2459 Imperator
1198 2409 1300 2443 factus
1321 2408 1364 2444 est
1385 2407 1511 2443 Flavius
1528 2408 1695 2447 Claudius,
1721 2408 1769 2443 ille
1789 2421 1819 2443 e-

358 2477 424 2508 nim
446 2472 554 2513 bellum
579 2470 746 2506 Gothicum
768 2471 858 2505 brevi
883 2481 1011 2518 tempore
1032 2472 1190 2519 implevit,
1218 2470 1342 2504 dicente
1363 2469 1503 2504 Trebellio
1524 2467 1589 2513 ejus
1610 2470 1676 2502 vita
1699 2480 1769 2516 cap.
1787 2481 1818 2513 3.

361 2532 518 2567 Claudius
545 2528 606 2577 ipse
629 2529 760 2577 epistola
781 2530 819 2564 ad
841 2530 971 2577 Junium
994 2532 1183 2569 Broccham,
1210 2527 1330 2563 ibidem
1352 2541 1419 2578 cap.
1434 2529 1467 2564 8.
1491 2529 1663 2564 delevimus
1686 2538 1821 2562 trecenta

362 2595 482 2641 viginti
503 2590 599 2626 millia
620 2590 799 2630 Gothorum,
827 2590 977 2624 nimirum
1003 2603 1101 2639 prope
1121 2589 1283 2631 Naiffum,
1309 2590 1468 2625 celebrem
1494 2589 1620 2625 Moefiae
1643 2589 1819 2636 Superioris

1692 2650 1818 2690 urbem,
