2052 3023
674 260 1296 312 PRAEFATIO.

256 346 470 390 manifestum,
496 348 582 397 quod
606 348 756 397 pietatem
779 362 890 385 eorum
913 349 1045 386 laudent
1065 361 1168 400 patres
1188 350 1328 387 ecclefiae
1349 352 1543 396 ὅςθοδὶξέπιπι.
1596 354 1723 400 Cyrillus

256 407 546 456 Hierosolymitanus
560 408 728 444 Catechefi
748 422 804 445 XI.
823 408 899 453 fine,
924 414 1017 455 Πέξπη
1036 419 1061 456 19
1078 414 1180 449 seir-901,
1204 419 1229 456 ’9
1249 412 1344 449 muium
1362 418 1384 446 οἱ
1405 416 1431 450 ἔξ
1452 419 1527 446 ἔθιὰἴν
1542 421 1722 457 pwgwqj‘ie‘mr,

255 470 504 511 ὖπϋιπθιόσκοιπς
519 469 606 510 ru‘vs,
632 471 655 503 ἓν
670 469 763 512 cugny}
778 473 930 512 ὅφθαλμρῖς
945 477 990 503 οὐκ
1009 474 1157 515 ἐθεόςηπω,
1178 470 1279 516 Persae
1296 470 1338 510 ὠ
1350 470 1459 514 Gothi,
1483 472 1525 512 ὠ·
1536 486 1636 507 omnes
1645 485 1723 521 gen-

256 535 300 561 tes
320 527 469 573 testantur
491 528 506 573 (
514 527 621 574 Jesurn
640 526 802 561 Christum
820 526 881 562 effe
897 528 1014 562 Filium
1033 529 1117 575 Dei)
1142 531 1299 564 morientes
1318 541 1369 577 pro
1386 529 1445 569 illo,
1471 543 1562 577 quem
1582 536 1725 578 corporet}

255 586 348 622 oculis
365 601 422 622 non
437 587 600 623 viderunt.
627 587 744 636 scripfit
757 587 896 635 Cyrillus
908 587 1097 623 Catecheses
1114 589 1180 623 suas
1196 602 1282 624 anno
1295 602 1312 635 3
1323 601 1378 635 52.
1407 590 1519 624 Audaei
1536 592 1552 625 a
1565 590 1724 625 Constan-

257 646 304 682 tio
322 648 371 694 (a)
397 649 435 683 ad
459 649 587 683 Gothos
613 648 745 694 relegati
769 647 934 682 sollicitam
957 649 998 683 de
1019 648 1227 684 converfione
1249 662 1361 683 eorum
1384 661 1492 684 curam
1517 650 1627 686 laudat
1648 654 1724 698 Epi-

253 707 397 755 phanius,
424 706 545 743 Haerefi
574 720 662 747 Lxx,
695 706 902 755 testaturque,
937 707 1031 743 illum
1060 708 1231 743 solitariam
1257 722 1295 744 ac
1323 709 1528 745 monasticam
1556 712 1651 747 vitam
1679 710 1726 745 eis

257 766 505 808 commendafle,
530 768 610 814 quin
631 771 662 802 δε
682 767 752 816 post
773 779 912 803 mortem
932 769 1061 810 Audaci,
1087 770 1251 805 Uranium
1272 774 1304 806 &
1322 770 1488 807 Silvanum
1510 771 1664 818 quosdam
1685 783 1725 805 ex

257 828 380 863 Gothia
395 827 586 864 constituiffe
601 827 773 877 episcopos.
816 830 952 864 Crimen
969 829 1122 864 haereseos
1139 829 1266 865 Audaeo
1281 831 1462 877 objectum,
1489 844 1600 867 vereor
1617 845 1656 867 ne
1673 830 1727 866 ad·

257 901 296 924 eo
317 902 416 936 grave
433 889 540 930 fuerit,
566 890 645 937 quin
663 890 770 938 potius
786 891 826 925 ab
843 889 960 925 infestis
978 890 1128 928 fratribus
1145 891 1345 940 impa&um;
1371 903 1462 928 erant
1479 894 1565 928 enim
1587 893 1618 927 in
1637 905 1726 927 erro-

256 949 340 984 ribus
355 948 426 985 fidei
440 948 495 984 fibi
512 949 648 984 invicem
664 948 850 995 objiciendis
867 951 1074 987 liberaliores.
1100 951 1220 1004 scripsit
1233 955 1431 1003 Epiphanius
1444 954 1614 989 Panarium
1633 954 1724 988 suum

257 1022 343 1044 anno
357 1024 374 1059 3
382 1022 439 1057 74..
477 1011 631 1046 Praedicat
647 1024 776 1060 quoque
792 1011 1002 1048 constantiam
1018 1027 1129 1049 eorum
1143 1015 1270 1060 Isidorus
1284 1015 1468 1065 Hzspalenfis
1479 1015 1646 1051 Chronico
1658 1016 1727 1049 Go-

256 1071 387 1108 thorum
406 1072 444 1107 ad
462 1085 561 1107 aeram
575 1084 755 1109 ccccxv1.
774 1074 796 1109 i.
806 1087 835 1109 e.
851 1087 970 1109 annum
986 1075 1102 1110 Christi
1116 1076 1162 1113 N.
1168 1090 1250 1125 377.
1277 1081 1467 1113 Invenerunt
1484 1086 1590 1112 autem
1605 1088 1636 1110 eo
1648 1085 1728 1122 prae-

257 1132 298 1168 lio
317 1134 415 1171 Gothi
438 1134 607 1183 confeffbres
629 1138 739 1184 priores
763 1136 888 1177 Gothos,
913 1150 985 1185 quos
1007 1136 1122 1173 dudum
1139 1149 1259 1187 propter
1270 1137 1368 1186 fidem
1387 1139 1409 1174 a*
1429 1148 1511 1173 terra
1523 1137 1584 1183 Jua
1606 1134 1727 1184 expule-

259 1205 342 1235 rant,
369 1195 412 1234 ό·
429 1196 596 1230 voluerunt
613 1209 658 1229 eos
674 1198 733 1239 fibi
750 1196 794 1230 ad
806 1197 920 1242 praedae
930 1199 1112 1240 societatem
1131 1201 1320 1247 conjungere.
1362 1199 1429 1249 Q
1442 1212 1514 1235 cum
1530 1211 1588 1234 non
1603 1199 1728 1246 acquie-

260 1255 386 1300 viſjent,
411 1254 565 1302 aliquanti
580 1253 658 1298 fiant
675 1254 840 1301 interfeffi‚
867 1255 923 1289 alii
942 1257 1096 1301 montuosa
1118 1257 1184 1292 loca
1205 1267 1350 1298 tenentes,
1377 1259 1420 1297 ῤ’
1435 1259 1559 1307 refugia
1571 1258 1632 1303 fibi
1651 1268 1731 1304 qua-

260 1314 421 1362 liacunque
439 1315 649 1358 construentes,
678 1326 734 1347 non
744 1312 843 1358 Jblum
855 1313 1138 1359 perseveraverunt
1154 1316 1327 1353 Chrifliam'
1342 1317 1498 1360 catholici,
1514 1317 1574 1362 fid
1588 1319 1683 1352 etiam
1696 1318 1731 1351 in

259 1373 417 1410 concordia
433 1376 652 1413 Romanorum,
676 1373 697 1408 d
712 1373 821 1421 quibus
837 1372 954 1409 dudum
971 1377 1088 1422 excepti
1096 1374 1245 1423 fuerant,
1264 1374 1503 1423 permanserunt.
1538 1376 1644 1420 Qod
1660 1376 1730 1412 scri-

261 1433 308 1468 bit
324 1433 363 1467 de
380 1432 497 1467 dudum
517 1443 636 1481 propter
648 1432 748 1480 fidem
771 1431 897 1481 expuffis
919 1433 1167 1482 intelligendum
1185 1435 1226 1469 de
1243 1434 1462 1483 persecutione
1478 1435 1518 1470 ab
1536 1435 1732 1470 Athanarico

259 1503 348 1529 mota
367 1506 453 1528 anno
470 1505 553 1542 372,
581 1492 672 1538 cujus
693 1491 734 1527 fic
755 1492 863 1539 paullo
885 1503 958 1528 ante
975 1494 1144 1529 meminit:
1172 1494 1387 1531 Athanaricus
1405 1495 1605 1543 persecutione
1623 1494 1732 1531 crude-

259 1557 366 1604 Irfflma
384 1554 535 1599 adversus
550 1554 649 1602 fidem
669 1562 820 1590 commota
842 1553 944 1589 voluit
959 1554 995 1600 se
1015 1568 1152 1591 exercere
1170 1566 1275 1591 contra
1291 1556 1416 1597 Gothos,
1442 1559 1496 1605 qui
1513 1559 1547 1592 in
1565 1565 1659 1605 gente
1669 1555 1731 1602 fica

260 1618 425 1665 Chrtstiani
440 1615 640 1652 habebantur.
677 1619 726 1651 Ex
742 1616 852 1664 quibus
867 1615 1024 1664 plurimos,
1046 1620 1121 1665 quia
1135 1617 1223 1652 idolis
1238 1617 1398 1653 immolare
1415 1630 1473 1653 non
1489 1617 1731 1667 adquieverunt,

260 1689 405 1725 martyres
416 1677 511 1725 fecit,
537 1676 665 1725 reliquos
683 1686 788 1712 autem
804 1678 910 1713 multis
925 1678 1175 1726 persecutionibus
1193 1678 1340 1726 adflictos,
1363 1678 1437 1714 dum
1451 1691 1515 1728 prae
1530 1678 1731 1714 multitudine

260 1744 391 1778 horreret
406 1741 587 1787 interficere,
614 1738 699 1774 dedit
715 1739 884 1784 licentiam,
911 1743 1004 1776 immo
1019 1743 1119 1788 magis
1136 1743 1231 1789 co'e'git
1247 1739 1285 1776 de
1300 1753 1390 1789 regno
1399 1741 1455 1788 suo
1471 1744 1565 1784 exire,
1588 1752 1683 1792 atque
1696 1743 1731 1777 in

261 1807 469 1842 Romanorum
484 1804 617 1850 mtjgrare
632 1803 839 1849 provinciam.

311 1865 340 1913 §.
356 1879 390 1908 9.
416 1864 519 1909 Qod
538 1865 578 1897 de
599 1862 734 1898 succeffu
756 1862 915 1912 religionis
931 1862 1121 1899 Christianae
1138 1863 1223 1912 apud
1242 1862 1370 1898 Gothos
1392 1863 1542 1904 diximus,
1569 1863 1729 1912 praecipue

263 1925 303 1962 ad
326 1938 378 1960 eos
404 1926 552 1973 pertinet,
579 1926 634 1972 qui
655 1925 698 1959 cis
722 1925 909 1960 Danubium
936 1935 1040 1965 erant,
1066 1924 1210 1973 respeestu
1235 1923 1575 1972 Constantinopoleos.
1626 1920 1730 1958 Fuiffe

263 1986 582 2022 Vestro-Gothorum
598 1987 654 2034 qui
670 1996 754 2020 trans
771 1984 894 2021 flumen
911 1986 1065 2034 agebant,
1090 1985 1271 2020 Athanarici
1288 1985 1424 2034 imperio
1443 1983 1586 2029 subjeffl,
1610 1982 1731 2019 multos

263 2049 359 2083 etiam
381 2047 590 2087 Christianos,
615 2046 733 2083 exinde
753 2047 883 2081 evidens
904 2047 993 2095 quod
1015 2059 1068 2081 eos
1090 2045 1334 2096 persequebatur
1345 2046 1407 2092 (b),
1435 2043 1656 2080 Ostro-Gothi
1676 2054 1732 2078 ve-

263 2123 312 2150 ro,
340 2109 396 2144 sub
407 2108 489 2157 jugo
506 2119 672 2157 gementes
689 2109 902 2148 Hunnorum,
926 2108 1069 2143 tenacius
1086 2108 1291 2143 adhaerebant
1307 2106 1512 2146 idololatriae,
1534 2104 1661 2139 interim
1678 2115 1731 2138 ze·

264 2169 313 2204 lus
329 2182 365 2204 ac
381 2181 473 2203 amor
489 2169 521 2202 in
539 2167 790 2215 consanguineos
806 2180 871 2203 non
888 2165 989 2215 paffus
1005 2166 1050 2202 est
1066 2167 1144 2214 quin
1163 2164 1412 2200 Westro-Gothi
1428 2176 1482 2197 eos
1497 2174 1627 2211 quoque
1642 2174 1733 2198 com-

266 2239 447 2263 moverent.
483 2227 661 2276 Jornandes
680 2240 745 2274 cap.
766 2241 824 2275 25.
853 2231 902 2261 De
919 2236 1028 2261 caetero
1047 2235 1114 2259 tam
1132 2222 1344 2269 ostro-Gothis
1365 2235 1459 2270 quam
1476 2222 1606 2270 Gepidis
1624 2233 1732 2270 paren-

318 2341 368 2387 (a)
396 2339 526 2374 Confer.
543 2338 707 2374 cateches.
716 2352 766 2375 v1.
785 2353 817 2389 p.
830 2340 888 2386 58.
910 2337 1106 2373 ——Rudb.
1120 2337 1184 2372 Atl.
1196 2349 1225 2377 1,
1239 2346 1320 2384 195.
1343 2335 1426 2383 Torfi
1446 2338 1566 2384 p.148.
1587 2337 1732 2372 Rzovius

267 2400 356 2448 Epit.
374 2400 515 2440 Baronfi,
536 2400 675 2449 Collberg
691 2400 884 2435 Monarchia
900 2398 1107 2434 Suco-Goth.
1128 2411 1162 2448 p.
1174 2397 1234 2433 60.
1260 2399 1288 2432 F
1290 2396 1373 2432 loraei
1390 2397 1523 2445 Antiqq.
1540 2394 1678 2431 Scanicae
1698 2409 1732 2444 p.

273 2467 366 2568 ¹6(912)
392 2519 437 2555 Sti
458 2520 546 2556 Sabae
562 2522 681 2562 Gothi,
707 2534 791 2556 anno
807 2533 876 2569 372
893 2520 1050 2569 martyrio
1067 2518 1226 2560 coronati,
1253 2518 1443 2554 memoriam
1462 2517 1585 2552 servant
1603 2516 1732 2561 Marty-

270 2580 396 2629 rologia
412 2581 451 2617 ad
468 2580 554 2618 diem
570 2594 616 2619 12
628 2581 760 2631 Aprilis.
780 2604 862 2613 --—
877 2582 931 2617 Μ.
944 2582 977 2617 S.
990 2580 1134 2617 Nicetas.
1675 2630 1698 2666 'b

1175 2651 1197 2686 g
1656 2641 1679 2667 n
1699 2644 1735 2666 us

1826 276 1900 300 XXV
