2052 3023
143 254 247 282 xvut

759 244 1376 296 PRAEFATIO.

336 333 421 371 bant.
461 333 538 369 Huc
559 331 657 368 etiam
678 332 816 381 pertinet
831 331 911 368 illud
929 332 1031 368 Paulli
1047 334 1178 368 Diaconi
1196 331 1281 367 Hist.
1300 330 1447 366 Miscella
1464 330 1518 366 lib.
1534 343 1569 365 x.
1586 345 1655 381 cap.
1672 343 1715 379 14
1732 333 1807 374 fine,

336 394 422 432 Tunc
441 393 549 430 multae
566 404 674 443 gentes
694 393 739 429 ad
756 393 942 443 baptismum
961 394 1144 440 accefferunt
1164 393 1320 429 miraculis
1339 395 1427 432 athe,
1454 405 1524 440 quae
1544 404 1672 441 patrata
1691 394 1766 440 fimt
1785 395 1806 430 a*

334 458 475 504 captivis
487 455 707 503 sacerdotibus,
733 458 787 503 qui
803 455 933 503 fuerant
946 454 1006 500 fieb
1021 456 1163 491 Gallieno
1182 456 1352 502 captivati.

938 544 1091 580 CAP.
1144 545 1188 578 V.

337 629 368 677 ς.
384 641 413 663 1.
429 628 606 714 CLAu
621 639 668 662 01
681 637 705 661 o
729 624 856 662 fidelem
875 636 1005 673 operam
1027 626 1059 659 in
1078 623 1165 659 bello
1183 625 1328 660 Gothico
1345 623 1488 672 praestitit
1507 626 1719 661 Aurelianus:
1747 629 1806 661 Go-

535 687 581 722 thi
598 687 790 735 oppugnandi
801 687 896 733 fiant3
925 684 1022 722 Gothi
1041 686 1063 721 a*
1078 686 1217 722 Thraciis
1237 685 1430 729 amovemli5
1455 700 1555 722 eorum
1576 690 1656 722 enim
1675 684 1808 734 plerique

337 752 585 789 Haemimontum
602 751 816 796 Europamque
831 756 968 787 vexant,
993 750 1047 794 qui
1065 756 1095 782 te
1111 757 1267 796 pugnante
1278 746 1444 796 fugerunt,
1469 747 1627 783 Claudius
1648 748 1712 795 ipse
1729 746 1808 794 Epi-

339 813 417 848 stola
437 809 478 845 ad
497 809 716 850 Aurelianum,
743 810 827 857 apud
846 808 1001 857 Vopiscum
1021 820 1090 856 cap.
1105 821 1162 850 17,
1188 812 1219 844 ὅ(
1237 808 1307 843 haec
1327 807 1372 843 est
1390 809 1577 843 Gothorum
1599 808 1630 842 in
1648 807 1808 842 Thracias

339 873 416 921 fuga
441 870 509 919 post
533 881 674 918 pugnam
697 868 876 908 Na'iffeam‚
902 879 998 916 quam
1023 867 1275 902 memoravimus
1297 868 1400 916 capite
1426 867 1578 915 superiori
1604 868 1630 909 §.
1646 869 1679 902 8.
1721 866 1806 900 Cum

338 933 471 968 biennio
493 930 595 966 ferme
620 932 845 978 imperaverat,
872 930 893 963 i.
911 942 938 963 e.
962 940 1050 962 anno
1069 939 1154 968 272,
1181 937 1293 962 contra
1316 928 1496 965 Zenobiam
1522 927 1807 976 Palmyrenorum,

337 993 512 1027 exercitum
530 991 660 1030 ducem,
685 991 718 1024 in
733 988 870 1025 Thraciis
887 987 974 1027 &in
988 986 1106 1032 Illyrico
1121 995 1308 1021 occurrentes
1324 986 1476 1022 Barbaros
1494 989 1591 1022 vicit.
1635 985 1807 1023 Gothorum

336 1053 508 1101 quinetiam
532 1048 640 1084 ducem
664 1047 848 1086 Cannabam
868 1047 942 1093 five
966 1043 1208 1083 Cannabaudem
1233 1057 1305 1079 cum
1330 1047 1464 1094 quinque
1489 1045 1625 1081 millibus
1653 1045 1808 1081 hominum

337 1120 423 1146 tram
438 1110 616 1146 Danubium
632 1111 800 1151 interemit,
820 1104 977 1155 Vopiscus
994 1117 1061 1152 cap.
1075 1117 1134 1140 22.
1161 1103 1283 1140 Gothici
1301 1117 1483 1153 cognomen
1500 1107 1530 1141 ei
1547 1105 1705 1140 tributum
1722 1106 1808 1140 idem

336 1171 444 1206 scribit
461 1184 529 1220 cap.
544 1183 601 1218 30,
626 1173 659 1205 ὃ(
676 1181 747 1204 cum
766 1166 920 1203 confetito
936 1165 1023 1201 bello
1039 1163 1189 1199 orientali
1207 1164 1410 1212 triumphum
1429 1165 1550 1200 Romae
1566 1175 1687 1212 ageret,
1715 1166 1809 1212 Capi-

335 1231 445 1267 tolium
461 1232 600 1266 inveoius
618 1230 658 1276 est
674 1241 765 1263 curru
780 1236 912 1274 quatuor
925 1226 1029 1258 cervis
1039 1223 1156 1270 junii&
1182 1223 1238 1269 qui
1245 1221 1338 1268 fusffi
1355 1221 1515 1258 dicebatur
1529 1226 1609 1271 regis
1623 1225 1808 1264 Gothorum,

334 1290 456 1326 ibidem
477 1302 546 1337 cap.
560 1301 618 1336 33.

383 1352 459 1393 §.2.
485 1348 702 1386 Diocletiano,
729 1341 938 1379 Maximianis
956 1339 1116 1375 Herculio
1128 1340 1177 1386 (a)
1201 1342 1234 1375 &
1254 1341 1470 1384 Armentario,
1495 1341 1613 1390 partim
1637 1354 1733 1390 opem
1757 1353 1810 1378 tu-

335 1411 402 1447 lere
419 1409 534 1451 Gothi,
561 1420 620 1442 ceu
636 1407 669 1441 in
685 1404 890 1454 expeditione
906 1400 1029 1438 Persica
1047 1411 1133 1436 anno
1146 1412 1232 1448 297,
1258 1401 1339 1437 adeo
1357 1411 1393 1436 ut
1404 1402 1583 1450 Jornandes
1598 1404 1722 1439 Geticis
1737 1415 1808 1453 cap.

338 1482 401 1512 21,
428 1482 493 1505 non
510 1478 659 1504 vereatur
675 1466 790 1509 dicere,
818 1464 1057 1499 Maximianum
1078 1461 1179 1508 (puta
1196 1461 1450 1504 Armentarium,
1476 1473 1555 1498 tunc
1576 1476 1640 1499 non
1663 1463 1719 1500 nisi
1736 1465 1807 1499 Cae-

338 1530 459 1577 sarem)
476 1541 550 1579 pene
565 1541 634 1564 cum
653 1541 752 1563 eorum
768 1525 874 1571 fhlatio
891 1523 928 1570 (i.
939 1535 969 1558 e.
985 1521 1089 1557 milite
1106 1520 1320 1568 mercenario)
1332 1521 1457 1572 fugaffe
1470 1524 1604 1572 Narsem
1619 1537 1721 1573 regem
1736 1529 1809 1562 Per.

329 1592 452 1640 larum,
479 1592 598 1638 Saporis
615 1591 733 1638 Magni
751 1596 908 1634 nepotem:
935 1584 1052 1634 partim
1069 1584 1240 1619 Romanos
1262 1584 1301 1620 ad
1325 1597 1430 1622 annua
1450 1586 1569 1622 tributa
1591 1585 1646 1621 fibi
1667 1587 1809 1636 penden-

339 1654 382 1689 da
397 1652 637 1700 compulerunt,
662 1650 787 1684 dicente
806 1645 930 1693 Eusebio
944 1643 1011 1681 vita
1027 1644 1228 1680 Constantini
1245 1643 1302 1679 lib.
1313 1658 1366 1683 1v.
1387 1658 1458 1696 cap.
1471 1658 1505 1694 ς.
1541 1647 1709 1683 Interdum
1726 1659 1808 1695 quo-

340 1725 404 1763 que
430 1713 448 1749 a
473 1711 633 1748 Romanis
658 1709 749 1753 vicii,
774 1706 927 1758 quorsum
955 1706 1117 1755 pertinent
1140 1705 1223 1741 Asta
1246 1705 1268 1740 s.
1291 1708 1449 1743 Demetrii
1473 1708 1641 1758 Martyris,
1667 1721 1807 1758 quorum

340 1775 500 1824 specimen
519 1773 608 1808 dedit
626 1769 870 1818 Montfaucenm
887 1766 1043 1816 Palaeogr.
1056 1768 1172 1802 Graeca
1188 1765 1246 1801 lib.
1259 1779 1309 1803 1v.
1327 1780 1398 1816 cap.
1410 1781 1447 1817 9.
1471 1773 1627 1809 Μαξιμωὲς
1641 1776 1654 1804 0·
1671 1778 1696 1815 29
1711 1774 1809 1814 zma-

340 1848 394 1874 λιος
410 1837 536 1874 &mdiu
550 1838 651 1871 roff-9⁸5
670 1840 695 1878 ‚9
712 1834 876 1876 Σαιςῶμμπις
893 1836 943 1866 τοῖς
962 1833 1101 1870 ramim,
1126 1829 1347 1865 Maximianus
1363 1829 1527 1866 Herculius
1546 1845 1616 1868 cum
1632 1830 1745 1867 Gothos
1763 1830 1807 1871 ὠ·

340 1901 508 1935 Sarmatas
523 1898 556 1930 in
569 1895 747 1943 potestatem
762 1895 971 1928 Romanorum
986 1889 1156 1937 redegerat.

390 1961 417 2001 §.
433 1970 465 2004 3.
491 1956 641 1992 Tandem
663 1952 792 1989 affiduae
811 1952 932 1987 ducum
951 1952 1178 1986 Romanorum
1199 1950 1239 1985 de
1261 1949 1385 1986 summa
1408 1951 1535 2001 imperii
1554 1953 1808 1986 concertationes

342 2030 408 2053 non
429 2028 562 2066 potuere
578 2029 642 2052 non
660 2015 756 2051 etiam
775 2014 904 2050 Gothos
921 2011 1023 2048 modo
1038 2009 1182 2052 turbare,
1209 2011 1346 2046 incertos
1363 2024 1442 2061 quos
1464 2012 1623 2062 praecipue
1639 2010 1808 2060 stqueren-

341 2090 405 2122 tur,
431 2080 530 2115 modo
545 2079 668 2113 irritare
683 2089 738 2124 per
754 2075 782 2110 se
798 2074 976 2110 admodum
992 2071 1126 2122 cupidos
1142 2073 1321 2122 pugnandi,
1347 2076 1380 2108 &
1394 2075 1428 2108 in
1445 2074 1525 2109 vitio
1543 2082 1699 2121 ponentes
1715 2071 1807 2106 domi

343 2143 489 2190 insegnes
509 2140 626 2176 sedere.
670 2141 722 2175 Sic
738 2136 794 2181 &3
818 2145 854 2171 ut
874 2147 941 2170 rem
964 2135 995 2170 in
1017 2133 1246 2182 compendium
1269 2135 1450 2175 mittamus,
1467 2133 1527 2179 sub
1545 2134 1742 2180 Constantino
1761 2146 1808 2167 ro·

340 2206 411 2251 gari
424 2202 510 2247 fiant,
536 2200 580 2242 ὠ·
595 2209 699 2237 contra
721 2206 885 2246 cognatum
905 2196 968 2244 ejus
987 2195 1144 2230 Licinium
1160 2205 1252 2229 arma
1267 2193 1376 2235 tulere,
1401 2205 1530 2241 eumque
1543 2192 1702 2230 devinam
1717 2191 1760 2232 ὁ·
1775 2194 1808 2228 in

392 2331 445 2379 (a)
470 2331 558 2365 Dans
576 2342 638 2364 une
654 2328 837 2376 inscription
856 2329 932 2364 faite
949 2330 1018 2364 l’an
1031 2343 1103 2373 292
1119 2342 1162 2364 ou
1180 2328 1334 2378 plustard,
1356 2325 1498 2362 Hercule
1514 2325 1614 2375 prend
1632 2324 1663 2359 le
1679 2324 1752 2358 titre
1768 2323 1810 2358 de

343 2392 520 2439 Gotbique‚
547 2393 580 2425 ὃ(
596 2389 679 2424 celui
694 2388 728 2424 d’
740 2390 914 2437 imperator
930 2403 1013 2438 pour
1028 2391 1058 2426 la
1077 2390 1247 2426 huittieme
1264 2389 1336 2424 fois.
1363 2386 1488 2435 Onuph.
1506 2399 1539 2434 p·
1554 2391 1637 2423 260.
1671 2384 1734 2420 Un
1750 2385 1810 2419 Pa-

341 2450 502 2500 negyriste
520 2461 651 2498 marque
670 2448 747 2484 auffi
762 2461 824 2497 que
842 2449 886 2483 les
904 2451 986 2485 Gots
1003 2450 1170 2486 s’estoient
1186 2449 1302 2485 soumis
1318 2449 1337 2483 a
1354 2444 1529 2483 demandet
1546 2446 1576 2481 la
1595 2446 1681 2494 paiX.
1710 2445 1741 2479 la
1757 2444 1808 2479 vi-

342 2511 443 2546 croire
462 2510 643 2557 remporte‘e
660 2509 710 2544 sur
722 2521 783 2544 eux
801 2509 921 2556 grande
936 2522 978 2544 ou
995 2511 1106 2558 petite,
1125 2510 1305 2558 appartient
1320 2517 1565 2558 apparemment
1581 2505 1598 2544 ὲ
1612 2503 1805 2543 Diocletien.

341 2573 522 2621 Panegyrici
537 2572 613 2607 Vet.
624 2582 714 2607 vnx.
732 2583 765 2618 p·
780 2581 861 2616 ¹07·
888 2569 1023 2606 Tillem.
1040 2571 1234 2620 Empereurs
1249 2569 1298 2622 512.
1311 2580 1359 2607 tva
1377 2580 1411 2617 p·
1424 2580 1460 2612 9.
1705 2622 1767 2671 hff

1677 2625 1711 2661 T
1728 2637 1742 2658 e
1767 2635 1802 2660 a·
