2052 3023
658 244 1278 293 PRAEFATIO.

241 335 315 375 alia,
341 345 437 382 quam
462 333 613 369 Gothicae
637 333 757 382 linguae
783 332 974 368 incunabula
999 331 1181 375 admittere,
1208 342 1296 367 extra
1322 331 1458 367 dubium
1486 342 1613 381 ponunt
1638 346 1704 368 non

241 394 340 429 modo
359 394 489 428 nomina
511 395 651 442 propria,
679 393 839 442 hodieque
855 392 941 441 apud
958 406 1014 427 nos
1031 392 1229 442 frequentata
1246 392 1317 440 Uff,
1344 393 1454 436 Olav;
1483 392 1534 428 sed
1552 396 1583 428 ὃ(
1600 393 1704 439 Οζῇίν,

240 452 328 501 quod
352 453 476 501 prorsus
495 455 580 489 idem
603 467 722 489 nomen
741 454 797 495 est,
823 457 855 490 in
873 455 1001 490 Runico
1020 451 1239 488 remotiffimae
1258 453 1453 501 antiquitatis
1474 452 1547 488 saxo
1566 453 1607 488 ad
1625 453 1703 488 Val-

240 513 405 549 lentunam
425 515 600 563 Uplandiae
617 514 731 551 nostrae
746 515 877 552 obvium
895 525 991 564 atque
1007 515 1245 560 incorruptum.

290 573 322 621 ξ.
336 587 369 609 2.
391 575 554 623 Tempus,
570 588 634 624 quo
645 575 797 624 Ulphilas
812 575 957 610 floruerit
972 577 1002 610 δε
1015 573 1099 622 apud
1114 573 1256 612 Gothos,
1273 572 1425 608 Moefiam
1439 573 1623 622 vicinosque
1639 583 1704 609 tra-

239 631 311 666 <stus
325 645 388 668 non
402 633 465 669 fine
477 634 634 669 bellorum
653 633 794 668 motibus
807 633 993 672 incolentes,
1011 631 1179 679 episcopali
1194 628 1292 665 infula
1304 631 1502 673 inclaruerit,
1519 634 1551 668 in
1565 633 1704 681 superio-

240 690 327 726 ribus
347 693 605 740 indigitavimus:
634 692 748 728 scilicet
765 692 835 741 post
853 691 993 727 seculum
1011 701 1163 740 quartum
1181 691 1325 726 medium
1343 703 1445 740 eoque
1461 693 1501 728 ad
1518 693 1615 729 finem
1634 705 1706 728 ver-

239 762 348 797 gente.
390 751 620 798 Philostorgius
643 751 714 787 hist.
737 751 824 787 Eccl.
847 751 920 786 Lib.
938 753 981 786 11.
1005 763 1032 786 c.
1046 763 1078 797 5.
1112 750 1325 786 Constantino
1343 753 1472 798 Magno
1493 753 1625 798 σύγκςοιοι
1645 752 1706 787 sta-

241 812 313 851 tuit,
335 809 389 845 ubi
406 812 444 846 de
462 810 517 845 illo
533 813 731 859 Imperatore
749 810 892 846 sustinuit
909 810 1048 846 referre:
1076 817 1213 854 οῠξφίλρω
1229 810 1287 857 (slc
1304 810 1525 860 nuncupabat)
1543 817 1585 846 ῶὲι
1600 814 1707 848 πλείω

238 868 287 908 ἷγε
304 877 380 911 τιμῆς,
397 874 429 907 ὥς
446 878 469 915 29
488 875 606 907 marim
622 875 633 902 ὁ
649 875 714 909 „3⁴3-
730 877 818 908 Mau-35⁶
833 874 903 907 λίΓεη
921 872 976 908 a&
991 875 1073 907 ω’τὲ.
1103 869 1268 918 Urphilam
1283 883 1395 919 magno
1412 871 1518 907 honore
1533 872 1650 919 affecit,
1668 881 1704 906 ut

233 931 316 978 saepe
331 931 370 966 ab
388 943 419 965 eo
436 932 529 976 noster
545 932 647 977 Moses
665 941 840 967 vocaretur.
877 932 1001 968 Verum
1020 928 1223 965 manifestum
1240 930 1285 964 est
1302 931 1418 966 iterum
1436 932 1606 980 periclitari
1624 932 1706 967 veri-

240 1000 337 1026 tatem
361 991 578 1040 Philostorgii.
613 1005 701 1036 nam,
725 992 748 1028 fi
772 992 829 1028 sub
850 992 1061 1028 Constantino
1083 994 1136 1027 M.
1156 991 1330 1040 Episcopus
1351 994 1539 1030 Gothorum
1563 993 1624 1028 fuit
1641 992 1706 1027 Ul.

239 1050 354 1099 philas,
382 1052 502 1087 neceffe
526 1053 583 1096 est,
609 1066 681 1088 eum
707 1053 797 1089 fuiffe
821 1055 1039 1089 centenarium
1064 1064 1117 1088 aut
1140 1052 1199 1087 illo
1222 1052 1390 1096 majorem,
1417 1054 1439 1090 fi
1465 1054 1521 1090 {ub
1545 1055 1649 1090 Decio
1672 1057 1705 1089 δε

240 1109 311 1158 post
327 1124 401 1146 eum
418 1111 546 1154 vixerit,
573 1114 660 1160 quod
679 1113 760 1147 adeo
776 1123 913 1153 certum,
941 1122 978 1147 ut
995 1111 1213 1148 certiffimum.
1248 1113 1404 1148 Praeterea
1420 1123 1509 1149 extra
1524 1124 1708 1148 controver-

242 1169 316 1205 siam
337 1170 381 1206 est
397 1171 532 1219 Ulphilae
549 1171 774 1206 antecessorem
796 1174 828 1207 in
849 1172 1018 1221 episcopali
1037 1172 1121 1219 apud
1139 1172 1267 1207 Gothos
1288 1173 1456 1221 dignitate,
1478 1175 1706 1224 Theophilum

242 1228 380 1263 Nicaeno
396 1229 558 1270 Concilio,
578 1231 628 1264 cui
643 1233 820 1279 Imperator
833 1231 1061 1265 Constantinus
1079 1232 1130 1266 M.
1145 1233 1240 1265 etiam
1257 1233 1377 1273 aderat,
1398 1233 1572 1269 interfuisse
1588 1238 1620 1270 ὅ(
1632 1233 1707 1269 sub-

244 1289 411 1338 scripfiffe3
438 1290 548 1336 utique
563 1302 625 1324 non
642 1300 718 1324 tunc
730 1291 897 1338 Ulphilas,
916 1292 970 1337 qui
982 1290 1177 1337 Theophilo
1194 1303 1300 1326 revera
1318 1292 1469 1334 successit,
1487 1305 1580 1343 atque
1594 1294 1707 1343 quinto

243 1350 401 1384 tricesimo
419 1348 488 1396 post
505 1361 603 1387 anno,
625 1361 743 1396 nempe
760 1361 832 1384 aerae
847 1349 1036 1384 Christianae
1052 1356 1135 1397 360,
1155 1349 1206 1383 alii
1221 1350 1357 1385 Nicaeno
1374 1353 1524 1388 intererat
1540 1356 1705 1396 Concilio,

242 1409 357 1444 scilicet
371 1407 732 1456 Constantinopolitano
749 1410 856 1453 tertio,
876 1408 1080 1457 Decretisqne
1098 1410 1162 1456 ejus
1181 1408 1405 1452 subscribebat,
1427 1413 1515 1458 cujus
1533 1414 1576 1448 rei
1595 1414 1706 1451 testem

241 1470 314 1505 fidei
336 1469 479 1518 probatae
499 1468 590 1516 supra
609 1481 637 1504 c.
648 1481 678 1504 v.
700 1470 772 1516 §.4.
795 1471 958 1505 Socratem
980 1468 1183 1505 adduximus.
1224 1471 1374 1519 Denique
1390 1472 1560 1521 Ulphilam
1581 1475 1614 1510 in
1633 1488 1708 1510 rnu-

240 1541 314 1565 nere
339 1527 551 1564 constitutum
577 1530 760 1578 episcopali,
787 1530 934 1578 attigisse,
962 1530 984 1566 fi
1012 1543 1076 1564 non
1103 1529 1266 1578 superasse,
1293 1532 1406 1567 ultima
1431 1535 1521 1570 Decii
1548 1546 1705 1585 tempora,

241 1590 292 1625 vel
314 1589 387 1625 inde
404 1588 578 1624 meridiana
596 1590 668 1624 luce
685 1590 798 1623 clarius
815 1590 935 1630 evadit,
962 1591 1062 1638 quod,
1091 1591 1247 1626 referente
1266 1592 1438 1628 Ammiano
1455 1594 1606 1643 scriptore
1623 1609 1707 1631 coae-

242 1664 296 1691 vo,
322 1662 407 1686 anno
423 1650 539 1685 Christi
556 1653 638 1700 378.
655 1649 750 1684 instar
767 1651 880 1698 Legati
897 1655 914 1687 a
932 1652 1050 1687 Gothis
1070 1651 1128 1686 suis
1145 1653 1177 1687 in
1195 1652 1291 1688 castra
1309 1656 1402 1689 Decii
1419 1656 1525 1692 miffus
1544 1657 1640 1692 fuerit
1660 1659 1706 1693 se-

241 1714 314 1748 dem
336 1713 369 1746 in
386 1712 529 1747 Thracia
549 1714 592 1746 eis
613 1713 835 1760 impetratum,
861 1713 950 1757 cujus
968 1714 1152 1761 Legationis
1176 1716 1209 1749 in
1232 1714 1432 1763 sequentibus
1453 1719 1707 1754 meminerimus-

241 1775 290 1808 Ex
311 1773 394 1807 hisce
415 1774 561 1807 omnibus
582 1773 668 1807 recte
690 1772 845 1820 perpensis
862 1773 1042 1814 conficitur,
1069 1773 1293 1823 Episcopatum
1316 1776 1461 1825 Ulphilae
1481 1779 1563 1814 inter
1582 1792 1702 1814 annum

241 1832 336 1868 seculi
356 1834 460 1880 quarti
481 1832 705 1879 sexagesimum
725 1837 756 1868 ὃ(
773 1833 1006 1881 ostogesimum
1029 1834 1179 1870 incidisse.
1225 1835 1320 1870 Illum
1342 1848 1449 1872 autern
1470 1839 1524 1873 has
1545 1852 1703 1874 annorum

242 1892 388 1939 periodos
406 1890 583 1937 anticipasse
599 1901 651 1925 aut
669 1890 835 1932 excessisse,
862 1893 927 1932 cui,
953 1892 1130 1927 tacentibus
1150 1893 1329 1934 HistoricIS,
1357 1886 1494 1943 pronum
1513 1896 1557 1931 est
1573 1896 1703 1932 dicere?

291 1949 322 1997 §.
339 1961 370 1995 3.
398 1953 531 1984 Virtutes
550 1949 683 1996 Ulphilae
703 1951 850 1985 au&ores
869 1953 975 1986 Graeci
999 1954 1115 2000 pariter
1137 1965 1172 1986 ac
1195 1954 1303 1986 Latini
1325 1955 1442 1988 multas
1463 1966 1650 1990 enumerant
1672 1959 1705 1991 δε

241 2008 434 2043 collaudant.
479 2009 515 2042 In
538 2009 646 2055 primis
669 2010 860 2057 pertinacem
881 2010 948 2054 ejus
968 2012 1075 2045 zelum
1098 2024 1161 2045 non
1183 2022 1308 2046 tantum
1328 2013 1361 2045 in
1380 2012 1557 2049 Christiana
1575 2016 1706 2049 Gotho-

242 2081 314 2103 rum
332 2067 481 2108 Ecclesm,
508 2067 594 2112 cujus
611 2067 802 2115 Episcopum
820 2070 946 2116 agebat,
974 2070 1005 2104 in
1023 2069 1086 2104 fide
1102 2082 1194 2118 atque
1211 2072 1405 2107 orthodoxia
1425 2075 1572 2119 gnaviter
1589 2072 1706 2108 confir-

244 2129 380 2171 manda3
408 2128 458 2163 sed
484 2132 514 2162 &
536 2128 566 2161 in
592 2128 738 2176 plurimis
765 2129 824 2162 illis
841 2131 957 2165 Gothis
974 2130 1106 2166 Christo
1130 2133 1299 2174 lucrandis,
1325 2133 1377 2180 qui
1401 2132 1587 2169 Christianis
1610 2134 1703 2169 mixti

243 2188 292 2221 vel
314 2189 409 2221 vicini
431 2187 525 2235 spiffis
547 2188 721 2234 paganismi
744 2190 880 2222 tenebris
899 2190 1004 2224 adhuc
1021 2190 1372 2226 circumfundebantur.
1415 2192 1477 2227 Cui
1492 2193 1596 2228 studio
1612 2193 1703 2228 inde-

244 2248 349 2282 fessam
373 2247 527 2294 impendit
549 2259 676 2293 operam
698 2260 769 2288 nou*
784 2247 846 2281 fine
865 2249 1013 2292 succeffu,
1043 2263 1100 2284 nec
1118 2264 1242 2298 quoque
1260 2251 1322 2285 sine
1343 2252 1496 2300 periculo.
1537 2257 1588 2289 De
1607 2255 1654 2289 his
1671 2266 1704 2288 e-

244 2310 309 2343 nim
331 2309 449 2343 Gothis
470 2307 667 2341 Sozomenus
689 2306 758 2341 hist.
780 2307 866 2340 Eccl.
888 2310 1023 2344 Lib.vr.
1046 2322 1072 2344 c.
1090 2319 1143 2348 16.
1168 2314 1210 2345 ita
1234 2312 1359 2346 scribit:
1394 2315 1442 2347 dm*
1461 2316 1612 2357 ὣᾶὶισκοὶλῳ
1632 2318 1708 2358 ,ψ’τᾼ

243 2371 426 2404 παιδὶυθένπς
444 2374 464 2401 οἱ
481 2372 572 2400 rba-505
589 2368 620 2399 τοὲ
639 2370 700 2404 ωίές
720 2369 848 2403 etio-{fferam
873 2370 917 2401 nau*
938 2372 1053 2405 du’w'rff
1070 2375 1216 2414 μεταχᾶυπς
1232 2374 1366 2407 πολιτείας
1384 2375 1536 2417 ἦμεςωτὲρςις
1554 2377 1638 2408 πάντη
1655 2378 1702 2419 ξαι-

245 2430 301 2464 diac
316 2429 395 2468 advqs
408 2425 546 2467 ἐπεῖθονπ,
571 2432 722 2463 πεπεισμένοι
736 2427 809 2464 unde}
825 2426 884 2468 &inq
903 2431 1000 2467 φαυλὶι
1018 2434 1040 2463 ἕ
1057 2433 1122 2472 παρ’
1133 2432 1210 2472 ada-qs
1223 2435 1352 2474 Mygdum
1368 2436 1381 2468 ἦ
1398 2438 1580 2474 πρᾳτΊομίιων.
1614 2437 1701 2468 εἶπα,-

244 2504 275 2519 πι
296 2501 308 2531 ‘3
327 2494 443 2520 συντελεῖν
460 2491 492 2523 εἷς
509 2489 636 2530 χςῆωρων
655 2491 702 2524 ‘nse
719 2491 838 2528 ζηλέπν·
867 2493 885 2524 3⁵
904 2490 956 2527 μία)
975 2493 1037 2522 dnm}
1055 2498 1079 2535 ,ἐ
1095 2493 1209 2526 vasis-bas
1231 2491 1326 2528 ἓέἕὶικε
1345 2500 1431 2536 miffar
1450 2501 1492 2532 τῆς
1512 2499 1585 2532 adri
1600 2502 1700 2537 ἀςετῆς,

245 2551 340 2590 messus
356 2551 396 2587 μὲν
413 2553 540 2588 &massua
558 2550 668 2587 nidd-1255
686 2551 743 2594 ὑπὲξ
760 2555 792 2586 τέ
815 2549 978 2590 ἕῖνμθιτῷυ,
1001 2553 1034 2585 ’ἔτι
1051 2558 1072 2587 “r‘'
1089 2557 1211 2597 ω’ςτμένωι
1227 2556 1357 2598 βπςῑῗάξωι
1375 2560 1494 2592 ἑλληνικῶς
1510 2559 1699 2601 θςησκενέιτων.

1605 2612 1704 2649 Gothi

1799 257 1894 282 XXXI
